3384 5509
1718 316 1751 346 ἢ

363 401 590 466 met
620 400 980 506 Tum-rua]
1071 389 1555 464 PRINCIPIA
1601 395 2349 464 MATHEMATICA.
2898 413 2937 463 b

365 571 756 661 quadrantali
787 575 850 636 A
872 573 928 636 C
957 573 1024 634 in
1050 571 1385 656 particulas
1405 570 1767 634 innumeras
1789 570 2057 654 aequales
2090 570 2145 634 P
2167 593 2229 654 p,
2256 572 2370 635 &c.
2401 593 2515 654 per
2528 592 2697 656 'quas
2726 593 2936 656 aequa-

361 681 452 745 les
472 680 732 744 totidem
748 679 1072 763 particulae
1093 677 1390 761 temporis
1412 677 1646 760 exponi
1667 676 1931 760 possint,
1957 676 2267 761 ductaque
2294 699 2339 761 p
2362 677 2404 739 k
2434 677 2940 762 perpendiculari·

361 787 443 852 ad
476 788 532 851 C
564 787 646 865 T,
685 789 986 874 jungatur
1017 785 1081 848 T
1111 785 1178 850 G
1206 785 1356 869 ipsis
1405 785 1469 849 K
1502 785 1577 862 P,
1623 785 1669 847 k
1697 807 1741 868 p
1784 783 2105 868 productis
2134 806 2467 849 occurrens
2495 787 2563 848 in
2595 787 2649 850 F
2678 799 2741 850 et
2769 786 2804 848 f
2807 811 2825 862 3
2871 798 2936 851 et

360 895 480 958 erit
511 894 566 958 F
598 893 663 957 K
692 893 945 976 aequalis
976 892 1039 954 T
1073 891 1158 968 Κ,
1191 903 1254 954 ει
1283 885 1363 976 '(¹’)
1398 892 1462 956 K
1491 893 1536 954 k
1565 891 1684 954 erit
1713 891 1793 954 ad
1826 891 1881 956 P
1915 890 1977 955 K
2010 903 2079 954 ιιι
2110 892 2167 954 P
2192 914 2237 977 p
2267 892 2350 955 ad
2378 893 2441 956 T
2468 915 2532 976 p,
2582 893 2653 977 (⁰)
2686 892 2809 956 hoc
2837 906 2934 959 est

357 1000 426 1062 in
474 1000 618 1063 data
665 998 927 1076 ratione,
983 997 1063 1082 (ἅ)
1109 997 1378 1084 ideoque
1431 998 1486 1062 F
1535 997 1600 1060 K
1635 1011 1687 1062 Χ
1727 997 1791 1061 Κ
1842 997 1888 1059 k
1938 1019 2047 1062 εειι
2102 1019 2247 1060 area
2296 998 2351 1061 F
2399 998 2461 1063 K
2510 998 2553 1060 k
2600 997 2643 1076 f,
2696 999 2815 1062 erit
2860 1011 2931 1064 ιιι

361 1103 876 1170 3ΡΚ><ΤΚ

553 1206 703 1270 ΤΡ

877 1187 896 1219 ,
928 1142 993 1205 id
1025 1153 1138 1220 est,
1169 1153 1242 1206 ut
1274 1141 1330 1206 E
1362 1141 1422 1205 L
1439 1165 1457 1217 ;
1503 1152 1566 1205 et
1597 1140 1958 1225 composite,
1991 1163 2137 1204 area
2164 1152 2297 1205 tota
2327 1141 2391 1206 G
2414 1142 2469 1204 C
2492 1143 2555 1205 K
2577 1143 2631 1206 F
2660 1155 2729 1206 ut
2758 1165 2928 1206 sum-

353 1338 463 1379 ma
505 1315 784 1379 omnium
835 1315 1062 1380 virium
1107 1315 1166 1378 E
1214 1315 1274 1379 L
1318 1325 1599 1399 tempore
1650 1325 1785 1379 toto
1833 1316 1889 1379 C
1942 1314 1999 1379 P
2041 1315 2483 1398 impressarum
2533 1315 2600 1377 in
2653 1316 2922 1394 Lunam,

355 1423 431 1506 (θ)
477 1434 666 1508 atque
695 1421 838 1486 ideo
868 1421 1056 1486 etiam
1083 1433 1155 1484 ut
1182 1421 1474 1486 velocitas
1503 1420 1623 1484 hac
1654 1420 1893 1484 summa
1922 1421 2152 1507 genita,
2198 1421 2266 1484 id
2296 1433 2408 1497 est,
2455 1434 2526 1485 ut
2564 1424 2927 1522 acceleratio

353 1529 790 1614 descriptionis
819 1551 982 1592 areae
1016 1527 1070 1592 C
1101 1528 1165 1591 T
1197 1529 1272 1606 P,
1305 1550 1417 1592 seu
1445 1528 1897 1590 incrementum
1926 1528 2245 1592 momenti.

2337 1526 2403 1612 (f)
2438 1529 2549 1593 Vis
2588 1529 2709 1614 qua
2742 1532 2927 1596 Luna

351 1638 520 1702 circa
567 1637 836 1702 Terram
881 1635 1304 1720 quiescentem
1349 1633 1431 1698 ad
1476 1633 1835 1700 distantiam
1883 1633 1946 1698 T
1992 1633 2067 1710 P,
2118 1645 2401 1718 tempore
2448 1657 2562 1700 sue
2606 1638 2928 1720 periodico

1534 1827 1542 1850 ἰ

419 1871 486 1935 (b)
525 1875 552 1902 ⁶
589 1873 686 1919 Kk
717 1873 1126 1918 evitadPKut
1159 1869 1348 1930 Ppad
1389 1869 1480 1928 Tp
1511 1866 1606 1913 sive

353 1935 402 1982 T
427 1937 470 1982 P
486 1955 502 1994 ς
537 1951 595 1982 ex
630 1931 871 1982 notissima
890 1933 1054 1998 circuli
1074 1932 1350 1992 proprietate
1369 1930 1476 1977 fluit
1507 1932 1606 1976 haec

349 1999 603 2059 proportio,
641 2011 752 2061 nam
785 1999 826 2044 si
855 2013 914 2046 ex
947 2006 1122 2056 puncto
1151 2013 1184 2056 p
1217 1995 1414 2042 ducatur
1435 1993 1608 2041 lineola

347 2077 383 2122 p
404 2078 435 2124 q
455 2062 850 2122 perpendicularis
869 2061 930 2108 ad
957 2061 998 2106 P
1024 2061 1090 2114 K,
1127 2075 1184 2106 ea
1203 2060 1289 2106 erit
1309 2057 1529 2118 parallela
1560 2067 1609 2104 et

351 2126 544 2187 aequalis
576 2126 712 2173 lineae
748 2124 799 2172 K
832 2125 882 2182 k,
915 2123 1282 2184 formabiturque
1315 2122 1608 2184 triangulum

349 2189 603 2236 fluxionale
629 2190 672 2237 P
692 2204 725 2249 p
747 2205 779 2250 q
799 2188 949 2236 simile
981 2187 1218 2247 triangulo
1254 2187 1298 2234 P
1323 2185 1373 2232 K
1400 2187 1457 2243 T,
1495 2201 1608 2232 nam

349 2251 460 2299 cum
481 2253 645 2316 anguli
661 2269 698 2313 p
725 2253 769 2299 P
793 2251 844 2298 K
867 2263 914 2299 et
935 2253 983 2297 K
1013 2250 1055 2298 P
1081 2251 1124 2298 Τ
1144 2259 1322 2298 rectum
1345 2249 1486 2296 simul
1507 2249 1607 2296 effi·

349 2317 490 2374 ciant,
516 2326 567 2364 et
585 2317 753 2376 pai-iter
768 2315 932 2378 anguli
958 2315 1009 2362 K
1032 2316 1072 2362 P
1092 2315 1137 2362 T
1159 2325 1208 2362 et
1231 2314 1275 2361 P
1295 2314 1340 2360 T
1357 2314 1424 2368 K,
1450 2328 1606 2374 aequa-

348 2379 418 2426 les
439 2390 550 2427 sunt
569 2380 734 2442 anguli
765 2396 796 2440 p
823 2380 866 2428 P
892 2379 944 2426 K
977 2389 1024 2426 et
1059 2380 1102 2425 P
1126 2379 1170 2426 T
1196 2379 1262 2435 K,
1287 2377 1414 2424 unde
1435 2385 1554 2436 estp
1575 2392 1606 2438 q

349 2442 1236 2503 siveKkadPKuthadTP.

418 2507 486 2572 (⁶)
528 2510 557 2539 ¹⁹
582 2511 689 2556 Hoc
721 2517 786 2556 est
817 2511 869 2555 in
901 2505 1011 2554 datii
1043 2509 1230 2554 ratione.
1305 2505 1446 2552 Ratio
1476 2503 1606 2551 enim

353 2572 397 2619 P
417 2588 451 2632 p
485 2572 546 2619 ad
583 2571 628 2618 T
651 2587 682 2632 p
715 2580 785 2618 est
806 2571 928 2626 data,
963 2570 1074 2630 quia
1103 2570 1301 2632 singulae
1323 2578 1474 2628 partes
1511 2568 1554 2615 P
1572 2584 1604 2628 p

349 2645 611 2746 ειιῐιιιιιιιιιιὲ
621 2635 970 2746 maimaituth
981 2635 1138 2696 itaque
1155 2633 1352 2698 singulae
1372 2634 1423 2679 in
1444 2627 1607 2680 eadem

348 2709 528 2746 ratione
734 2715 816 2746 um
954 2730 968 2743 .

414 2762 481 2827 (ἅ)
508 2768 535 2794 “’
555 2763 754 2826 Ide6que
775 2765 961 2818 FK><
979 2764 1076 2808 Kk
1097 2778 1178 2810 seu
1199 2779 1308 2810 area
1329 2763 1610 2826 Fchfut

348 2831 383 2874 3
405 2830 454 2875 Ρ
473 2831 620 2954 ΚΤΞΞ)
655 2830 699 2875 T
715 2831 777 2922 ‘K’
801 2861 911 2910 chm
928 2864 1046 2911 ratio
1069 2863 1119 2910 K
1135 2864 1171 2909 k
1193 2863 1252 2910 ad
1273 2864 1316 2910 P
1337 2864 1387 2910 K
1410 2865 1470 2910 sit
1483 2861 1606 2920 data,

349 2967 460 3014 data
480 2970 620 3016 etiarn
643 2967 730 3014 erit
750 2966 869 3014 ratio
892 2966 943 3014 K
960 2967 994 3012 k
1015 2966 1078 3012 ad
1099 2973 1128 3013 3
1150 2967 1193 3012 P
1212 2966 1278 3023 K,
1303 2975 1351 3012 et
1369 2967 1470 3011 hoec
1490 2965 1609 3012 ratio

349 3033 558 3080 manebit
573 3033 830 3079 etiamnum
845 3031 952 3077 data
973 3029 1010 3075 si
1035 3045 1322 3091 consequens
1344 3037 1374 3076 3
1392 3029 1435 3076 P
1457 3029 1506 3075 K
1525 3045 1608 3088 per

348 3096 654 3156 quantitatem
670 3103 958 3143 constantem
983 3095 1027 3142 T
1047 3095 1090 3140 P
1112 3093 1369 3151 dividatur3
1393 3093 1480 3139 erit
1495 3109 1607 3155 ergo

349 3197 457 3246 data
478 3199 596 3246 ratio
620 3198 671 3246 K
692 3199 728 3245 k
747 3197 808 3244 ad
831 3158 1024 3284 Ξ-,Ι-,Ρέἓ

348 3309 428 3346 tur
461 3302 560 3348 haec
588 3301 706 3348 ratio
739 3301 780 3346 si
817 3303 956 3348 ambo
989 3299 1178 3348 termini
1209 3313 1292 3358 per
1327 3297 1605 3360 quantitates

351 3364 552 3426 aequales
576 3366 618 3412 F
643 3366 695 3413 K
716 3374 765 3412 et
789 3365 834 3411 T
858 3364 910 3412 K
931 3361 1316 3436 multiplicentur,
1353 3377 1466 3424 ergo
1485 3361 1604 3408 ratio

351 3425 1602 3551 kaFK(seuareaeFka>ad³P¹fr>{,TK

349 3578 418 3616 est
451 3569 592 3618 etiam
623 3571 745 3628 data,
779 3572 870 3618 hoc
901 3579 986 3628 est,
1020 3578 1092 3618 est
1124 3584 1232 3616 area
1271 3568 1314 3616 F
1347 3568 1400 3616 Κ
1432 3568 1468 3614 k
1499 3567 1606 3615 fut

349 3634 756 3691 sPKxTK

501 3711 546 3757 Τ
571 3711 614 3758 Ρ
755 3705 771 3720 ’
1557 3759 1564 3766 ,

417 3773 487 3835 (⁶)
508 3777 534 3805 ⁸
553 3777 708 3838 Atque
720 3777 816 3826 ide«)
830 3780 1248 3828 etiamutvelodlas
1266 3779 1366 3839 (18.
1383 3777 1490 3824 Lib.
1509 3775 1598 3835 1.).

415 3837 478 3902 (f)
505 3841 529 3866 ⁹
567 3842 640 3887 Vis
669 3840 768 3902 qud
787 3845 934 3890 Luna
965 3845 1087 3890 circa
1117 3845 1310 3890 Terram
1339 3845 1402 3888 ad
1431 3843 1603 3888 distan-

349 3903 463 3949 tiam
495 3905 539 3950 T
556 3906 605 3951 P
623 3913 825 3967 tempore
840 3923 921 3954 suo
936 3909 1164 3967 periodica
1190 3909 1231 3954 C
1241 3908 1287 3953 A
1303 3909 1358 3954 D
1374 3909 1424 3953 B
1443 3906 1605 3952 revolvi

345 3975 509 4026 posset,
543 3969 734 4031 efficeret
764 3979 820 4018 ut
851 3987 1014 4031 corpus
1033 3969 1165 4017 liber&
1187 3973 1386 4018 cadendo
1409 3978 1604 4030 tempore

355 4032 396 4078 C
420 4033 464 4077 Τ
495 4033 758 4081 describeret
793 4036 1121 4094 longitudinem
1157 4032 1193 4095 ἦ
1229 4037 1270 4082 C
1304 4035 1356 4087 T,
1395 4034 1480 4078 &c-
1555 4031 1605 4078 Si

353 4107 519 4152 corpus
531 4105 724 4156 gyretur
737 4096 788 4143 in
803 4097 980 4144 circulo
995 4112 1080 4157 per
1094 4097 1186 4142 vim
1204 4095 1262 4142 ad
1278 4097 1378 4158 ejus
1393 4104 1606 4142 centrum

352 4156 634 4215 tendenoem,
657 4161 863 4220 primum
883 4161 1178 4207 uniformiter
1196 4160 1448 4223 girabitur3
1481 4169 1602 4216 tum,

352 4219 629 4280 quadratum
665 4223 798 4271 arcus
829 4225 994 4285 quovis
1025 4233 1236 4284 tempore
1265 4223 1482 4282 descripti
1515 4223 1605 4270 erit

351 4285 528 4345 oequale
569 4287 732 4334 circuli
773 4286 1001 4336 diametro
1043 4287 1184 4334 ducto
1220 4289 1271 4332 in
1310 4287 1605 4334 altitudinem

353 4363 492 4408 quam
513 4365 682 4410 corpus
695 4350 840 4399 libere
861 4351 1069 4399 cadendo
1088 4361 1298 4411 tempore
1313 4349 1478 4398 eodem
1499 4365 1604 4412 per-

353 4423 554 4460 curreret
595 4413 634 4460 si
676 4414 971 4462 uniformiter
994 4415 1345 4475 *acceleraretur
1385 4429 1468 4475 per
1511 4414 1607 4460 vim

351 4475 646 4536 eentripetam
669 4477 765 4540 qua
784 4478 988 4526 circulus
1007 4479 1292 4526 describitur.

419 4539 546 4586 Nam
560 4541 600 4586 si
615 4552 827 4590 sumatur
843 4557 977 4589 arcus
991 4541 1133 4603 quam
1149 4542 1387 4599 minimus,
1407 4541 1606 4589 altitudo

353 4619 456 4664 quae
475 4619 558 4664 per
577 4605 672 4652 vim
693 4607 948 4655 centralem
967 4605 1110 4656 libere
1126 4615 1466 4666 perenn-eretur
1486 4605 1603 4655 dum

1027 3205 1032 3212 ·
1060 3196 1260 3259 denique
1281 3210 1378 3242 non
1403 3195 1604 3245 mutabi-

1667 1865 1750 1912 ille
1768 1879 1906 1912 arcus
1926 1863 2291 1926 qninnminimus
2312 1865 2659 1926 describeretur,
2682 1870 2803 1916 foret
2824 1871 2927 1933 ejus

1669 1927 1804 1976 arcus
1824 1929 2007 1975 minimi
2024 1932 2154 1976 sinus
2173 1945 2361 1988 versus3
2385 1931 2467 1978 sed
2488 1947 2543 1978 ex
2568 1929 2737 1979 natura
2748 1934 2924 1991 circuli,

1669 1993 1849 2040 factum
1877 1993 2090 2040 diametri
2122 1993 2251 2042 ducti
2286 1994 2339 2040 in
2366 1994 2524 2040 sinum
2555 2011 2741 2042 versum
2774 1998 2925 2055 arcus,

1671 2066 1741 2103 est
1778 2057 1957 2118 aequale
1992 2056 2219 2136 quadrato
2252 2058 2439 2104 chordae
2476 2058 2605 2106 illius
2642 2059 2791 2117 arcus,
2832 2062 2927 2109 sive

1669 2121 1897 2181 quadrato
1918 2136 2051 2167 arcus
2071 2121 2219 2180 ipsius
2246 2121 2290 2167 si
2319 2120 2437 2168 adeo
2457 2122 2517 2169 sit
2537 2123 2737 2186 exiguus
2768 2134 2823 2172 ut
2842 2141 2927 2186 pro

1669 2182 1761 2232 sua
1780 2181 1955 2231 chorda
1974 2186 2097 2230 sumi
2120 2185 2276 2244 possit.

1740 2248 1899 2308 Spatia
1917 2247 2029 2295 vero
2050 2248 2195 2295 libere
2217 2248 2425 2296 cadendo
2446 2265 2529 2310 per
2548 2251 2644 2298 vim
2676 2253 2924 2300 uniformi-

1669 2321 1741 2359 ter
1782 2311 2115 2359 accelerantem
2158 2312 2399 2372 descriptffi
2456 2323 2567 2361 sunt
2608 2324 2665 2362 ut
2705 2317 2930 2378 quadrata

1669 2385 1953 2436 temporum,
1988 2391 2123 2424 arcus
2154 2373 2265 2423 verd
2295 2379 2472 2424 interea
2492 2379 2701 2438 percursi
2732 2391 2845 2428 sunt
2874 2389 2931 2428 ut

1668 2447 1892 2498 tempora,
1916 2439 2027 2500 quia
2048 2454 2217 2500 corpus
2235 2440 2463 2487 uniformi
2486 2441 2721 2490 celeritate
2732 2445 2926 2506 giratur,

1669 2518 1782 2565 ergo
1812 2503 2015 2562 spatium
2036 2502 2288 2550 minimum
2310 2520 2393 2564 per
2421 2504 2515 2551 vim
2550 2507 2850 2567 centripetam
2871 2509 2929 2554 li·-

1668 2565 1779 2614 bere
1818 2566 2099 2626 descriptum
2137 2575 2206 2614 εει
2242 2566 2303 2614 ad
2337 2567 2464 2615 alind
2497 2569 2693 2630 quodvis
2726 2571 2930 2631 spatium

1671 2629 1755 2690 per
1787 2629 2001 2678 eamdem
2022 2631 2115 2679 vim
2150 2631 2460 2694 centrifugam
2480 2631 2625 2680 libere
2646 2633 2929 2694 descriptum

1674 2692 1898 2757 (ideoque
1929 2694 2069 2740 etiam
2092 2694 2214 2740 facta
2233 2696 2403 2742 horum
2425 2696 2680 2754 spatiorum
2712 2714 2797 2758 per
2829 2699 2929 2746 dia-

1671 2767 1875 2806 metrum
1892 2757 2077 2820 circuli)
2096 2767 2208 2806 sunt
2228 2768 2283 2805 ut
2303 2759 2527 2821 quadrata
2542 2775 2735 2808 arcuum
2755 2763 2929 2810 corres-

1670 2822 1985 2882 pondentibus
2006 2822 2293 2882 temporibus
2308 2823 2669 2883 descriptorum:
2698 2826 2779 2872 sed
2800 2827 2931 2885 prius

1671 2885 1853 2932 factum
1876 2895 1943 2932 est
1966 2885 2145 2947 aequale
2164 2886 2389 2949 quadrato
2410 2887 2546 2934 arcus
2566 2890 2928 2948 corresponden-

1669 2949 1748 3005 tis‚
1773 2963 1887 3012 ergo
1908 2959 1955 2997 et
1975 2950 2175 2996 alterum
2194 2949 2372 2998 factum
2394 2951 2482 2998 erit
2502 2952 2681 3012 aequale
2702 2953 2929 3014 quadrato

1671 3011 1807 3060 arcus
1826 3013 2237 3073 correspondentis,
2270 3016 2361 3062 hoc
2380 3023 2449 3062 est
2468 3014 2668 3062 altitudo
2688 3032 2929 3078 quaecum-2

1671 3092 1765 3138 que
1785 3077 1995 3125 cadendo
2010 3075 2153 3124 libere
2172 3077 2400 3138 descripta
2420 3079 2471 3124 in
2492 3079 2772 3126 diametrum
2787 3079 2929 3128 ducta

1671 3141 1814 3188 efficit
1834 3142 2011 3188 factum
2034 3141 2213 3203 aequale
2229 3141 2455 3203 quadrato
2476 3141 2611 3190 arcus
2626 3143 2793 3191 eodem
2807 3152 2927 3192 tem-

1667 3219 1781 3264 pore
1801 3204 2079 3251 revolvendo
2100 3204 2394 3252 uniformiter
2413 3206 2633 3264 percursi.

1739 3268 1885 3322 Quod
1920 3266 2031 3314 cum
2068 3269 2135 3314 ita
2172 3269 2246 3325 sit,
2284 3267 2419 3315 cadat
2456 3269 2601 3316 libere
2636 3263 2806 3330 corpds
2842 3287 2927 3332 per

1665 3330 1701 3394 a}
1726 3331 1766 3380 C
1781 3331 1839 3386 T,
1858 3332 1905 3377 h.
1932 3347 1973 3378 e.
2000 3346 2084 3392 per
2102 3331 2219 3377 radii
2240 3331 2489 3390 semissem,
2512 3331 2803 3396 duceturque
2824 3337 2925 3384 haec

1665 3395 1918 3458 longitudo
1957 3411 2041 3455 per
2079 3394 2358 3442 diametrum
2395 3411 2479 3442 seu
2518 3401 2549 3442 2
2584 3397 2625 3445 C
2662 3398 2709 3445 T
2745 3399 2924 3447 factum

1673 3459 1715 3508 C
1740 3460 1785 3507 T
1806 3461 1830 3488 ²
1866 3459 1962 3506 sive
1990 3457 2267 3520 quadratum
2300 3459 2447 3520 ipsius
2476 3459 2593 3507 radii
2628 3463 2806 3524 aequale
2838 3464 2926 3511 erit

1668 3523 1894 3584 quadrato
1935 3521 2069 3570 arcus
2110 3522 2275 3570 eodem
2318 3533 2526 3584 tempore
2562 3524 2793 3586 descripti,
2838 3528 2927 3574 erit

1667 3602 1782 3649 ergo
1814 3587 1855 3634 is
1887 3602 2021 3634 arcus
2042 3586 2233 3647 aequalis
2266 3587 2397 3634 radio
2436 3589 2475 3634 C
2502 3589 2561 3646 T,
2596 3590 2679 3637 sed
2706 3591 2923 3638 velocitas

1667 3651 1891 3712 acquisita
1904 3649 2048 3698 libere
2063 3649 2270 3698 cadendo
2286 3665 2369 3710 per
2381 3651 2498 3698 radii
2514 3653 2750 3700 semissem
2768 3654 2800 3718 ξ
2818 3656 2857 3703 C
2876 3656 2923 3703 T

1667 3715 1774 3760 talis
1795 3724 1865 3762 est
1884 3723 1939 3762 ut
1960 3729 2127 3773 corpus
2148 3715 2379 3761 movendo
2410 3716 2705 3764 uniformiter
2724 3716 2919 3766 eii-cele.

1665 3779 1804 3826 ritate
1834 3776 2059 3841 acquisita
2078 3777 2277 3838 duplum
2310 3779 2411 3840 ejus
2440 3779 2701 3828 altitudinis
2720 3782 2920 3841 radium,

1669 3853 1840 3902 nempe
1859 3842 2098 3904 integrum
2124 3841 2163 3888 C
2190 3842 2235 3888 T
2254 3843 2419 3890 eodem
2439 3851 2648 3904 tempore
2667 3844 2921 3894 describere

1667 3915 1835 3966 posset,
1858 3921 1965 3968 quae
1980 3915 2049 3952 est
2064 3907 2163 3966 ipsa
2179 3905 2425 3968 longitudo
2446 3907 2578 3954 arcus
2591 3924 2732 3970 quam
2755 3925 2923 3970 corpus

1668 3969 1964 4016 uniformiter
1993 3969 2233 4016 revolvens
2262 3969 2573 4031 descripsisset
2604 3972 2767 4020 eodem
2801 3983 2919 4021 tem·

1667 4047 1811 4092 pore3
1844 4048 1957 4112 erqo
1977 4033 2194 4080 velocitas
2224 4034 2449 4096 acquisita
2468 4035 2603 4096 lapsu
2638 4052 2721 4097 per
2752 4037 2795 4104 ᾖ,
2809 4038 2850 4087 C
2877 4039 2923 4086 T

1671 4111 1727 4144 ea
1748 4106 1818 4144 est
1840 4112 1935 4158 qua
1955 4111 2123 4156 corpus
2144 4097 2197 4143 in
2218 4100 2329 4145 orbe
2350 4114 2438 4146 suo
2456 4100 2723 4147 revolvitur.

1736 4161 1815 4208 Ea
1856 4161 2058 4222 denique
2098 4161 2347 4222 longitudo
2388 4162 2422 4224 ᾖ
2464 4164 2505 4211 C
2546 4164 2592 4210 T
2627 4175 2922 4224 percurretur

1668 4231 1877 4284 tempore
1897 4224 2024 4286 quod
2045 4225 2131 4272 erit
2162 4225 2221 4272 ad
2254 4234 2407 4272 totum
2426 4235 2613 4286 tempus
2632 4227 2921 4286 periodicum

1668 4297 1725 4334 ut
1764 4289 1807 4336 C
1841 4289 1886 4336 T
1922 4287 1984 4334 ad
2017 4288 2436 4336 circumferentiam
2478 4291 2520 4338 C
2546 4291 2594 4337 A
2632 4291 2682 4338 D
2706 4292 2770 4348 B,
2810 4307 2923 4341 nam

1667 4360 1877 4413 tempora
1896 4360 2007 4398 sunt
2026 4361 2082 4398 ιιι
2100 4367 2236 4400 arcus
2255 4353 2551 4403 uniformiter
2571 4353 2815 4415 descripti3
2840 4357 2922 4404 sed

1669 4424 1869 4476 tempus,
1888 4431 1983 4478 quo
1998 4431 2167 4476 corpus
2181 4431 2264 4478 per
2279 4417 2315 4478 ᾖ
2335 4417 2376 4464 C
2396 4418 2441 4464 T
2458 4417 2641 4473 labitur,
2658 4427 2729 4465 est
2742 4421 2923 4482 oequale

1669 4481 1867 4540 tempori
1882 4495 1977 4541 quo
1997 4495 2133 4528 arcus
2148 4479 2339 4542 aequalis
2364 4481 2405 4530 C
2425 4482 2471 4529 T
2489 4482 2787 4542 percurritur,
2810 4499 2923 4547 ergo

1669 4552 1741 4589 est
1761 4543 1883 4590 illud
1904 4554 2091 4604 ternpus
2110 4543 2170 4590 ad
2190 4553 2343 4591 totum
2362 4555 2547 4607 tempus
2559 4545 2847 4606 periodicum
2867 4557 2923 4596 ut

1673 4607 1713 4654 C
1739 4607 1785 4656 T
1804 4608 1865 4654 ad
1884 4615 2029 4656 totam
2052 4607 2357 4669 peripheriam
2384 4610 2425 4658 C
2450 4609 2497 4656 A
2524 4609 2575 4658 D
2602 4610 2661 4658 B.
