<?xml version="1.0" encoding="UTF-8"?>
<!DOCTYPE html PUBLIC "-//W3C//DTD XHTML 1.0 Transitional//EN"
    "http://www.w3.org/TR/xhtml1/DTD/xhtml1-transitional.dtd">
<html xmlns="http://www.w3.org/1999/xhtml" xml:lang="en" lang="en">
 <head>
  <title>
</title>
<meta http-equiv="Content-Type" content="text/html;charset=utf-8" />
  <meta name='ocr-system' content='tesseract 3.04.00' />
  <meta name='ocr-capabilities' content='ocr_page ocr_carea ocr_par ocr_line ocrx_word'/>
</head>
<body>
  <div class='ocr_page' id='page_1' title='image "./philosophinatur07wriggoog_0203.png"; bbox 0 0 3384 5509; ppageno 0'>
   <div class='ocr_carea' id='block_1_1' title="bbox 343 327 2989 480">
    <p class='ocr_par' dir='ltr' id='par_1_1' title="bbox 343 327 2989 480">
     <span class='ocr_line' id='line_1_1' title="bbox 343 327 2989 480; baseline 0.006 -44"><span class='ocrx_word' id='word_1_1' title='bbox 343 374 574 438; x_wconf 68' lang='lat' dir='ltr'>Lmen</span> <span class='ocrx_word' id='word_1_2' title='bbox 595 338 958 456; x_wconf 59' lang='lat' dir='ltr'>Timr-xus]</span> <span class='ocrx_word' id='word_1_3' title='bbox 985 327 1500 480; x_wconf 7' lang='lat' dir='ltr'><strong>*PRINCIPIA</strong></span> <span class='ocrx_word' id='word_1_4' title='bbox 1549 333 2299 472; x_wconf 76' lang='lat' dir='ltr'>MATHEMATICA.</span> <span class='ocrx_word' id='word_1_5' title='bbox 2338 459 2360 474; x_wconf 37' lang='grc' dir='ltr'>Α</span> <span class='ocrx_word' id='word_1_6' title='bbox 2412 397 2423 403; x_wconf 81' lang='lat'><strong><em>‘</em></strong></span> <span class='ocrx_word' id='word_1_7' title='bbox 2813 393 2935 455; x_wconf 87' lang='lat'>187</span> <span class='ocrx_word' id='word_1_8' title='bbox 2979 469 2989 480; x_wconf 39' lang='grc'><strong><em>.</em></strong></span> 
     </span>
    </p>
   </div>
   <div class='ocr_carea' id='block_1_2' title="bbox 337 531 2931 756">
    <p class='ocr_par' dir='ltr' id='par_1_2' title="bbox 337 531 2931 756">
     <span class='ocr_line' id='line_1_2' title="bbox 339 531 2931 650; baseline 0.004 -40"><span class='ocrx_word' id='word_1_9' title='bbox 339 557 489 630; x_wconf 80' lang='lat' dir='ltr'>post</span> <span class='ocrx_word' id='word_1_10' title='bbox 519 531 740 634; x_wconf 57' lang='lat' dir='ltr'>flonga</span> <span class='ocrx_word' id='word_1_11' title='bbox 793 545 1154 635; x_wconf 83' lang='lat' dir='ltr'>temporum</span> <span class='ocrx_word' id='word_1_12' title='bbox 1209 553 1538 616; x_wconf 84' lang='lat' dir='ltr'>intervalla</span> <span class='ocrx_word' id='word_1_13' title='bbox 1595 553 2017 632; x_wconf 71' lang='lat' dir='ltr'><strong>redeuntium,</strong></span> <span class='ocrx_word' id='word_1_14' title='bbox 2093 553 2569 650; x_wconf 78' lang='lat' dir='ltr'>determinanda</span> <span class='ocrx_word' id='word_1_15' title='bbox 2624 556 2931 650; x_wconf 66' lang='lat' dir='ltr'>relinque.</span> 
     </span>
     <span class='ocr_line' id='line_1_3' title="bbox 337 651 2655 756; baseline 0.004 -38"><span class='ocrx_word' id='word_1_16' title='bbox 337 651 592 720; x_wconf 85' lang='lat' dir='ltr'>Interea</span> <span class='ocrx_word' id='word_1_17' title='bbox 619 654 771 720; x_wconf 88' lang='lat' dir='ltr'>huic</span> <span class='ocrx_word' id='word_1_18' title='bbox 799 657 1054 743; x_wconf 84' lang='lat' dir='ltr'>negotio</span> <span class='ocrx_word' id='word_1_19' title='bbox 1087 658 1446 743; x_wconf 86' lang='lat' dir='ltr'>Propositio</span> <span class='ocrx_word' id='word_1_20' title='bbox 1477 664 1749 746; x_wconf 88' lang='lat' dir='ltr'>sequens</span> <span class='ocrx_word' id='word_1_21' title='bbox 1778 661 1995 751; x_wconf 82' lang='lat' dir='ltr'>lumen</span> <span class='ocrx_word' id='word_1_22' title='bbox 2023 661 2377 754; x_wconf 57' lang='lat' dir='ltr'>accendere³</span> <span class='ocrx_word' id='word_1_23' title='bbox 2391 673 2616 748; x_wconf 87' lang='lat' dir='ltr'>potest.</span> <span class='ocrx_word' id='word_1_24' title='bbox 2636 737 2655 756; x_wconf 27' lang='grc' dir='ltr'>Ι,</span> 
     </span>
    </p>
   </div>
   <div class='ocr_carea' id='block_1_3' title="bbox 797 841 2615 1192">
    <p class='ocr_par' dir='ltr' id='par_1_3' title="bbox 797 841 2615 1192">
     <span class='ocr_line' id='line_1_4' title="bbox 797 841 2615 983; baseline 0.003 -33"><span class='ocrx_word' id='word_1_25' title='bbox 797 861 1394 983; x_wconf 53' lang='grc' dir='ltr'>ΡΒΟΡΟΞΙΤΙΟ,</span> <span class='ocrx_word' id='word_1_26' title='bbox 1419 853 1645 954; x_wconf 74' lang='lat' dir='ltr'>XL11.</span> <span class='ocrx_word' id='word_1_27' title='bbox 1743 841 2267 979; x_wconf 72' lang='lat' dir='ltr'><strong>PROBLEMA</strong></span> <span class='ocrx_word' id='word_1_28' title='bbox 2312 891 2615 982; x_wconf 17' lang='lat' dir='ltr'>XXII...v</span> 
     </span>
     <span class='ocr_line' id='line_1_5' title="bbox 933 1075 2379 1192; baseline 0.005 -38"><span class='ocrx_word' id='word_1_29' title='bbox 933 1091 1252 1157; x_wconf 83' lang='lat' dir='ltr'>Inventam</span> <span class='ocrx_word' id='word_1_30' title='bbox 1277 1103 1516 1162; x_wconf 67' lang='lat' dir='ltr'>cometae</span> <span class='ocrx_word' id='word_1_31' title='bbox 1552 1075 1967 1184; x_wconf 66' lang='lat' dir='ltr'>trajectoriam</span> <span class='ocrx_word' id='word_1_32' title='bbox 1996 1097 2317 1192; x_wconf 64' lang='lat' dir='ltr'>corregere.</span> <span class='ocrx_word' id='word_1_33' title='bbox 2371 1175 2379 1190; x_wconf 81' lang='lat'>.</span> 
     </span>
    </p>
   </div>
   <div class='ocr_carea' id='block_1_4' title="bbox 251 1261 3014 3330">
    <p class='ocr_par' dir='ltr' id='par_1_4' title="bbox 251 1261 3014 2786">
     <span class='ocr_line' id='line_1_6' title="bbox 422 1261 2926 1370; baseline 0.002 -27"><span class='ocrx_word' id='word_1_34' title='bbox 422 1278 719 1362; x_wconf 78' lang='lat' dir='ltr'><em>Operatio</em></span> <span class='ocrx_word' id='word_1_35' title='bbox 768 1287 796 1342; x_wconf 93' lang='lat'>1</span> <span class='ocrx_word' id='word_1_36' title='bbox 810 1327 828 1344; x_wconf 94' lang='lat'>.</span> <span class='ocrx_word' id='word_1_37' title='bbox 883 1261 1270 1351; x_wconf 45' lang='lat' dir='ltr'>’Assumatur</span> <span class='ocrx_word' id='word_1_38' title='bbox 1309 1282 1540 1365; x_wconf 91' lang='lat' dir='ltr'>positio</span> <span class='ocrx_word' id='word_1_39' title='bbox 1589 1283 1765 1368; x_wconf 88' lang='lat' dir='ltr'>plani</span> <span class='ocrx_word' id='word_1_40' title='bbox 1813 1285 2207 1370; x_wconf 83' lang='lat' dir='ltr'>trajectoriae,</span> <span class='ocrx_word' id='word_1_41' title='bbox 2250 1307 2367 1370; x_wconf 91' lang='lat' dir='ltr'>per</span> <span class='ocrx_word' id='word_1_42' title='bbox 2422 1285 2926 1370; x_wconf 89' lang='lat' dir='ltr'>Propositionem</span> 
     </span>
     <span class='ocr_line' id='line_1_7' title="bbox 331 1374 2926 1486; baseline 0.002 -32"><span class='ocrx_word' id='word_1_43' title='bbox 331 1391 722 1474; x_wconf 89' lang='lat' dir='ltr'>superiorem</span> <span class='ocrx_word' id='word_1_44' title='bbox 751 1389 1044 1466; x_wconf 68' lang='lat' dir='ltr'>inventa-j</span> <span class='ocrx_word' id='word_1_45' title='bbox 1092 1401 1153 1455; x_wconf 89' lang='lat' dir='ltr'>et</span> <span class='ocrx_word' id='word_1_46' title='bbox 1184 1391 1526 1479; x_wconf 82' lang='lat' dir='ltr'>seligantur</span> <span class='ocrx_word' id='word_1_47' title='bbox 1554 1385 1676 1457; x_wconf 84' lang='lat' dir='ltr'>tria</span> <span class='ocrx_word' id='word_1_48' title='bbox 1697 1406 1699 1408; x_wconf 79' lang='grc'>’</span> <span class='ocrx_word' id='word_1_49' title='bbox 1717 1394 1857 1458; x_wconf 88' lang='lat' dir='ltr'>loca</span> <span class='ocrx_word' id='word_1_50' title='bbox 1886 1374 2147 1460; x_wconf 79' lang='lat' dir='ltr'>cometae</span> <span class='ocrx_word' id='word_1_51' title='bbox 2176 1375 2713 1486; x_wconf 82' lang='lat' dir='ltr'>observationibus</span> <span class='ocrx_word' id='word_1_52' title='bbox 2742 1419 2926 1460; x_wconf 90' lang='lat' dir='ltr'>accu-</span> 
     </span>
     <span class='ocr_line' id='line_1_8' title="bbox 325 1501 2925 1595; baseline 0 -27"><span class='ocrx_word' id='word_1_53' title='bbox 325 1502 647 1568; x_wconf 86' lang='lat' dir='ltr'>ratissimis</span> <span class='ocrx_word' id='word_1_54' title='bbox 678 1501 956 1580; x_wconf 78' lang='lat' dir='ltr'>definita,</span> <span class='ocrx_word' id='word_1_55' title='bbox 990 1515 1054 1568; x_wconf 92' lang='lat' dir='ltr'>et</span> <span class='ocrx_word' id='word_1_56' title='bbox 1083 1503 1164 1592; x_wconf 86' lang='lat' dir='ltr'>ab</span> <span class='ocrx_word' id='word_1_57' title='bbox 1193 1502 1463 1568; x_wconf 88' lang='lat' dir='ltr'>invicem</span> <span class='ocrx_word' id='word_1_58' title='bbox 1483 1503 1951 1595; x_wconf 60' lang='lat' dir='ltr'>quammaxime</span> <span class='ocrx_word' id='word_1_59' title='bbox 1982 1505 2311 1582; x_wconf 86' lang='lat' dir='ltr'>distantia3</span> <span class='ocrx_word' id='word_1_60' title='bbox 2350 1506 2555 1592; x_wconf 90' lang='lat' dir='ltr'>sitque</span> <span class='ocrx_word' id='word_1_61' title='bbox 2583 1507 2647 1570; x_wconf 87' lang='lat' dir='ltr'>A</span> <span class='ocrx_word' id='word_1_62' title='bbox 2676 1517 2925 1590; x_wconf 86' lang='lat' dir='ltr'>tempus</span> 
     </span>
     <span class='ocr_line' id='line_1_9' title="bbox 323 1601 2924 1702; baseline 0.001 -26"><span class='ocrx_word' id='word_1_63' title='bbox 323 1613 490 1676; x_wconf 89' lang='lat' dir='ltr'>inter</span> <span class='ocrx_word' id='word_1_64' title='bbox 547 1611 820 1698; x_wconf 82' lang='lat' dir='ltr'><strong>primam</strong></span> <span class='ocrx_word' id='word_1_65' title='bbox 877 1624 940 1676; x_wconf 91' lang='lat' dir='ltr'>et</span> <span class='ocrx_word' id='word_1_66' title='bbox 998 1613 1359 1691; x_wconf 89' lang='lat' dir='ltr'>secundam,</span> <span class='ocrx_word' id='word_1_67' title='bbox 1411 1637 1484 1678; x_wconf 87' lang='lat' dir='ltr'>ac</span> <span class='ocrx_word' id='word_1_68' title='bbox 1533 1615 1592 1679; x_wconf 92' lang='lat' dir='ltr'><strong>B</strong></span> <span class='ocrx_word' id='word_1_69' title='bbox 1640 1626 1889 1700; x_wconf 87' lang='lat' dir='ltr'>tempus</span> <span class='ocrx_word' id='word_1_70' title='bbox 1921 1615 2102 1678; x_wconf 69' lang='lat' dir='ltr'>inter</span> <span class='ocrx_word' id='word_1_71' title='bbox 2153 1615 2492 1679; x_wconf 87' lang='lat' dir='ltr'>secundam</span> <span class='ocrx_word' id='word_1_72' title='bbox 2540 1635 2614 1678; x_wconf 90' lang='lat' dir='ltr'>ac</span> <span class='ocrx_word' id='word_1_73' title='bbox 2656 1601 2924 1702; x_wconf 77' lang='lat' dir='ltr'>tertiam.</span> 
     </span>
     <span class='ocr_line' id='line_1_10' title="bbox 333 1703 2928 1812; baseline 0 -24"><span class='ocrx_word' id='word_1_74' title='bbox 333 1703 668 1788; x_wconf 83' lang='lat' dir='ltr'>Cometam</span> <span class='ocrx_word' id='word_1_75' title='bbox 695 1705 906 1787; x_wconf 85' lang='lat' dir='ltr'>autem</span> <span class='ocrx_word' id='word_1_76' title='bbox 935 1723 1003 1786; x_wconf 93' lang='lat' dir='ltr'>in</span> <span class='ocrx_word' id='word_1_77' title='bbox 1035 1746 1256 1788; x_wconf 91' lang='lat' dir='ltr'>eorum</span> <span class='ocrx_word' id='word_1_78' title='bbox 1285 1724 1497 1810; x_wconf 86' lang='lat' dir='ltr'>aliquo</span> <span class='ocrx_word' id='word_1_79' title='bbox 1543 1723 1620 1810; x_wconf 76' lang='lat'><strong>(¹¹)</strong></span> <span class='ocrx_word' id='word_1_80' title='bbox 1651 1725 1721 1788; x_wconf 92' lang='lat' dir='ltr'>in</span> <span class='ocrx_word' id='word_1_81' title='bbox 1747 1713 2025 1812; x_wconf 80' lang='lat' dir='ltr'>perigaeo</span> <span class='ocrx_word' id='word_1_82' title='bbox 2055 1725 2291 1789; x_wconf 88' lang='lat' dir='ltr'>versari</span> <span class='ocrx_word' id='word_1_83' title='bbox 2321 1725 2629 1802; x_wconf 79' lang='lat' dir='ltr'>convenit,</span> <span class='ocrx_word' id='word_1_84' title='bbox 2677 1725 2776 1788; x_wconf 89' lang='lat' dir='ltr'>vel</span> <span class='ocrx_word' id='word_1_85' title='bbox 2804 1725 2928 1788; x_wconf 81' lang='lat' dir='ltr'>sal-</span> 
     </span>
     <span class='ocr_line' id='line_1_11' title="bbox 326 1825 2928 1922; baseline -0 -24"><span class='ocrx_word' id='word_1_86' title='bbox 326 1844 459 1898; x_wconf 89' lang='lat' dir='ltr'>tem</span> <span class='ocrx_word' id='word_1_87' title='bbox 485 1853 619 1897; x_wconf 90' lang='lat' dir='ltr'>non</span> <span class='ocrx_word' id='word_1_88' title='bbox 645 1825 838 1920; x_wconf 71' lang='lat' dir='ltr'>longe</span> <span class='ocrx_word' id='word_1_89' title='bbox 868 1857 905 1896; x_wconf 89' lang='lat' dir='ltr'>a</span> <span class='ocrx_word' id='word_1_90' title='bbox 933 1833 1217 1920; x_wconf 86' lang='lat' dir='ltr'>perigaeo</span> <span class='ocrx_word' id='word_1_91' title='bbox 1247 1834 1486 1922; x_wconf 76' lang='lat' dir='ltr'>abesse.</span> <span class='ocrx_word' id='word_1_92' title='bbox 1577 1833 1642 1919; x_wconf 88' lang='lat'>(¹)</span> <span class='ocrx_word' id='word_1_93' title='bbox 1677 1835 1783 1898; x_wconf 88' lang='lat' dir='ltr'>Ex</span> <span class='ocrx_word' id='word_1_94' title='bbox 1812 1834 1909 1898; x_wconf 84' lang='lat' dir='ltr'>his</span> <span class='ocrx_word' id='word_1_95' title='bbox 1938 1835 2089 1898; x_wconf 81' lang='lat' dir='ltr'>locis</span> <span class='ocrx_word' id='word_1_96' title='bbox 2121 1836 2565 1920; x_wconf 79' lang='lat' dir='ltr'>apparentibus</span> <span class='ocrx_word' id='word_1_97' title='bbox 2602 1835 2928 1898; x_wconf 85' lang='lat' dir='ltr'>invenian-</span> 
     </span>
     <span class='ocr_line' id='line_1_12' title="bbox 325 1931 2925 2030; baseline 0.001 -25"><span class='ocrx_word' id='word_1_98' title='bbox 325 1952 452 2019; x_wconf 85' lang='lat' dir='ltr'>tur,</span> <span class='ocrx_word' id='word_1_99' title='bbox 497 1963 614 2026; x_wconf 90' lang='lat' dir='ltr'>per</span> <span class='ocrx_word' id='word_1_100' title='bbox 659 1942 1056 2025; x_wconf 84' lang='lat' dir='ltr'><strong>operationes</strong></span> <span class='ocrx_word' id='word_1_101' title='bbox 1099 1931 1660 2030; x_wconf 86' lang='lat' dir='ltr'>trigonometricas,</span> <span class='ocrx_word' id='word_1_102' title='bbox 1706 1943 1847 2028; x_wconf 77' lang='lat' dir='ltr'>loca</span> <span class='ocrx_word' id='word_1_103' title='bbox 1876 1945 1999 2008; x_wconf 83' lang='lat' dir='ltr'>tria</span> <span class='ocrx_word' id='word_1_104' title='bbox 2026 1967 2175 2009; x_wconf 85' lang='lat' dir='ltr'>vera</span> <span class='ocrx_word' id='word_1_105' title='bbox 2202 1957 2464 2010; x_wconf 87' lang='lat' dir='ltr'>cometae</span> <span class='ocrx_word' id='word_1_106' title='bbox 2507 1946 2574 2008; x_wconf 87' lang='lat' dir='ltr'>in</span> <span class='ocrx_word' id='word_1_107' title='bbox 2604 1953 2925 2028; x_wconf 84' lang='lat' dir='ltr'>assumpto</span> 
     </span>
     <span class='ocr_line' id='line_1_13' title="bbox 329 2039 2925 2135; baseline 0.002 -24"><span class='ocrx_word' id='word_1_108' title='bbox 329 2044 446 2112; x_wconf 77' lang='lat' dir='ltr'>illo‘</span> <span class='ocrx_word' id='word_1_109' title='bbox 469 2039 664 2132; x_wconf 79' lang='lat' dir='ltr'>plano</span> <span class='ocrx_word' id='word_1_110' title='bbox 695 2049 1085 2134; x_wconf 86' lang='lat' dir='ltr'>trajectoriae.</span> <span class='ocrx_word' id='word_1_111' title='bbox 1176 2049 1451 2114; x_wconf 72' lang='lat' dir='ltr'>Deinde·</span> <span class='ocrx_word' id='word_1_112' title='bbox 1477 2073 1592 2135; x_wconf 89' lang='lat' dir='ltr'>per</span> <span class='ocrx_word' id='word_1_113' title='bbox 1619 2051 1761 2114; x_wconf 87' lang='lat' dir='ltr'>loca</span> <span class='ocrx_word' id='word_1_114' title='bbox 1789 2050 1897 2114; x_wconf 85' lang='lat' dir='ltr'>illa</span> <span class='ocrx_word' id='word_1_115' title='bbox 1926 2053 2197 2130; x_wconf 84' lang='lat' dir='ltr'>inventa,</span> <span class='ocrx_word' id='word_1_116' title='bbox 2246 2053 2413 2116; x_wconf 85' lang='lat' dir='ltr'>circa</span> <span class='ocrx_word' id='word_1_117' title='bbox 2442 2063 2727 2117; x_wconf 83' lang='lat' dir='ltr'>centrum</span> <span class='ocrx_word' id='word_1_118' title='bbox 2761 2052 2925 2118; x_wconf 78' lang='lat' dir='ltr'>Solis</span> 
     </span>
     <span class='ocr_line' id='line_1_14' title="bbox 329 2156 2921 2244; baseline 0.001 -24"><span class='ocrx_word' id='word_1_119' title='bbox 329 2177 448 2220; x_wconf 90' lang='lat' dir='ltr'>ceu</span> <span class='ocrx_word' id='word_1_120' title='bbox 489 2156 878 2234; x_wconf 78' lang='lat' dir='ltr'><strong>umbilicum,</strong></span> <span class='ocrx_word' id='word_1_121' title='bbox 925 2177 1041 2240; x_wconf 88' lang='lat' dir='ltr'>per</span> <span class='ocrx_word' id='word_1_122' title='bbox 1083 2157 1476 2242; x_wconf 84' lang='lat' dir='ltr'>operationes</span> <span class='ocrx_word' id='word_1_123' title='bbox 1521 2157 1965 2236; x_wconf 85' lang='lat' dir='ltr'>arithmeticas,</span> <span class='ocrx_word' id='word_1_124' title='bbox 2012 2181 2134 2244; x_wconf 91' lang='lat' dir='ltr'>ope</span> <span class='ocrx_word' id='word_1_125' title='bbox 2180 2159 2372 2244; x_wconf 86' lang='lat' dir='ltr'>Prop.</span> <span class='ocrx_word' id='word_1_126' title='bbox 2420 2159 2623 2224; x_wconf 87' lang='lat' dir='ltr'>XXI.</span> <span class='ocrx_word' id='word_1_127' title='bbox 2672 2159 2818 2224; x_wconf 91' lang='lat' dir='ltr'>Lib.</span> <span class='ocrx_word' id='word_1_128' title='bbox 2866 2158 2921 2222; x_wconf 95' lang='lat' dir='ltr'>I.</span> 
     </span>
     <span class='ocr_line' id='line_1_15' title="bbox 251 2245 2925 2358; baseline 0.001 -32"><span class='ocrx_word' id='word_1_129' title='bbox 251 2346 262 2358; x_wconf 40' lang='grc'><strong><em>1</em></strong></span> <span class='ocrx_word' id='word_1_130' title='bbox 323 2263 662 2340; x_wconf 81' lang='lat' dir='ltr'>institutaS,</span> <span class='ocrx_word' id='word_1_131' title='bbox 709 2262 1105 2348; x_wconf 70' lang='lat' dir='ltr'>describatur</span> <span class='ocrx_word' id='word_1_132' title='bbox 1147 2265 1340 2328; x_wconf 89' lang='lat' dir='ltr'>sectio</span> <span class='ocrx_word' id='word_1_133' title='bbox 1384 2245 1640 2328; x_wconf 80' lang='lat' dir='ltr'>conica:</span> <span class='ocrx_word' id='word_1_134' title='bbox 1688 2263 1783 2350; x_wconf 81' lang='lat'>(¹¹¹)</span> <span class='ocrx_word' id='word_1_135' title='bbox 1831 2277 1893 2329; x_wconf 92' lang='lat' dir='ltr'>et</span> <span class='ocrx_word' id='word_1_136' title='bbox 1936 2267 2065 2350; x_wconf 87' lang='lat' dir='ltr'>ejus</span> <span class='ocrx_word' id='word_1_137' title='bbox 2109 2288 2295 2352; x_wconf 62' lang='lat' dir='ltr'>arete,</span> <span class='ocrx_word' id='word_1_138' title='bbox 2342 2265 2533 2348; x_wconf 87' lang='lat' dir='ltr'>radiis</span> <span class='ocrx_word' id='word_1_139' title='bbox 2579 2289 2617 2330; x_wconf 89' lang='lat' dir='ltr'>a</span> <span class='ocrx_word' id='word_1_140' title='bbox 2665 2265 2811 2330; x_wconf 87' lang='lat' dir='ltr'>Sole</span> <span class='ocrx_word' id='word_1_141' title='bbox 2841 2266 2925 2329; x_wconf 87' lang='lat' dir='ltr'>ad</span> 
     </span>
     <span class='ocr_line' id='line_1_16' title="bbox 320 2374 2923 2469; baseline 0 -33"><span class='ocrx_word' id='word_1_142' title='bbox 320 2374 465 2438; x_wconf 89' lang='lat' dir='ltr'>loca</span> <span class='ocrx_word' id='word_1_143' title='bbox 493 2374 750 2438; x_wconf 87' lang='lat' dir='ltr'>inventa</span> <span class='ocrx_word' id='word_1_144' title='bbox 779 2375 982 2439; x_wconf 90' lang='lat' dir='ltr'>ductis</span> <span class='ocrx_word' id='word_1_145' title='bbox 1013 2376 1382 2453; x_wconf 85' lang='lat' dir='ltr'>terminatae,</span> <span class='ocrx_word' id='word_1_146' title='bbox 1430 2386 1618 2440; x_wconf 83' lang='lat' dir='ltr'>sunto</span> <span class='ocrx_word' id='word_1_147' title='bbox 1648 2375 1719 2469; x_wconf 95' lang='lat' dir='ltr'>D</span> <span class='ocrx_word' id='word_1_148' title='bbox 1750 2387 1827 2460; x_wconf 26' lang='lat' dir='ltr'>et·</span> <span class='ocrx_word' id='word_1_149' title='bbox 1844 2377 1921 2453; x_wconf 90' lang='lat' dir='ltr'>E,</span> <span class='ocrx_word' id='word_1_150' title='bbox 1969 2397 2195 2460; x_wconf 87' lang='lat' dir='ltr'>nempe</span> <span class='ocrx_word' id='word_1_151' title='bbox 2228 2376 2311 2468; x_wconf 28' lang='lat' dir='ltr'>D·</span> <span class='ocrx_word' id='word_1_152' title='bbox 2328 2397 2473 2440; x_wconf 88' lang='lat' dir='ltr'>area</span> <span class='ocrx_word' id='word_1_153' title='bbox 2514 2375 2679 2440; x_wconf 90' lang='lat' dir='ltr'>inter</span> <span class='ocrx_word' id='word_1_154' title='bbox 2707 2375 2923 2438; x_wconf 86' lang='lat' dir='ltr'>obser-</span> 
     </span>
     <span class='ocr_line' id='line_1_17' title="bbox 324 2466 2920 2569; baseline 0.001 -23"><span class='ocrx_word' id='word_1_155' title='bbox 324 2484 642 2548; x_wconf 85' lang='lat' dir='ltr'>vationem</span> <span class='ocrx_word' id='word_1_156' title='bbox 689 2484 964 2569; x_wconf 82' lang='lat' dir='ltr'>primam</span> <span class='ocrx_word' id='word_1_157' title='bbox 1015 2496 1080 2548; x_wconf 90' lang='lat' dir='ltr'>et</span> <span class='ocrx_word' id='word_1_158' title='bbox 1106 2485 1491 2563; x_wconf 79' lang='lat' dir='ltr'>secundam,</span> <span class='ocrx_word' id='word_1_159' title='bbox 1545 2497 1608 2550; x_wconf 91' lang='lat' dir='ltr'>et</span> <span class='ocrx_word' id='word_1_160' title='bbox 1657 2485 1717 2549; x_wconf 90' lang='lat' dir='ltr'><strong>E</strong></span> <span class='ocrx_word' id='word_1_161' title='bbox 1767 2509 1915 2550; x_wconf 87' lang='lat' dir='ltr'>area</span> <span class='ocrx_word' id='word_1_162' title='bbox 1956 2466 2119 2551; x_wconf 89' lang='lat' dir='ltr'>inter</span> <span class='ocrx_word' id='word_1_163' title='bbox 2160 2487 2499 2550; x_wconf 86' lang='lat' dir='ltr'>secundam</span> <span class='ocrx_word' id='word_1_164' title='bbox 2534 2508 2608 2550; x_wconf 86' lang='lat' dir='ltr'>ac</span> <span class='ocrx_word' id='word_1_165' title='bbox 2649 2486 2920 2550; x_wconf 83' lang='lat' dir='ltr'>tertiam.</span> 
     </span>
     <span class='ocr_line' id='line_1_18' title="bbox 323 2573 3014 2683; baseline 0 -27"><span class='ocrx_word' id='word_1_166' title='bbox 323 2573 545 2676; x_wconf 85' lang='lat' dir='ltr'>Sitque</span> <span class='ocrx_word' id='word_1_167' title='bbox 591 2589 656 2654; x_wconf 93' lang='lat' dir='ltr'>T</span> <span class='ocrx_word' id='word_1_168' title='bbox 701 2603 950 2676; x_wconf 90' lang='lat' dir='ltr'>tempus</span> <span class='ocrx_word' id='word_1_169' title='bbox 992 2604 1215 2670; x_wconf 86' lang='lat' dir='ltr'>totum,</span> <span class='ocrx_word' id='word_1_170' title='bbox 1266 2615 1393 2679; x_wconf 91' lang='lat' dir='ltr'>quo</span> <span class='ocrx_word' id='word_1_171' title='bbox 1436 2615 1581 2658; x_wconf 84' lang='lat' dir='ltr'>area</span> <span class='ocrx_word' id='word_1_172' title='bbox 1622 2604 1761 2678; x_wconf 25' lang='lat' dir='ltr'>tota·</span> <span class='ocrx_word' id='word_1_173' title='bbox 1800 2595 1871 2658; x_wconf 95' lang='lat' dir='ltr'>D</span> <span class='ocrx_word' id='word_1_174' title='bbox 1911 2603 1977 2670; x_wconf 89' lang='grc' dir='ltr'>-Ι-</span> <span class='ocrx_word' id='word_1_175' title='bbox 2020 2595 2078 2660; x_wconf 86' lang='grc' dir='ltr'><strong>Ε</strong></span> <span class='ocrx_word' id='word_1_176' title='bbox 2122 2594 2458 2683; x_wconf 23' lang='lat' dir='ltr'>velocitate,</span> <span class='ocrx_word' id='word_1_177' title='bbox 2499 2574 2761 2658; x_wconf 85' lang='lat' dir='ltr'>cometae</span> <span class='ocrx_word' id='word_1_178' title='bbox 2804 2616 2925 2678; x_wconf 91' lang='lat' dir='ltr'>per</span> <span class='ocrx_word' id='word_1_179' title='bbox 3010 2653 3014 2657; x_wconf 87' lang='grc'><em>,</em></span> 
     </span>
     <span class='ocr_line' id='line_1_19' title="bbox 321 2685 1833 2786; baseline 0.001 -22"><span class='ocrx_word' id='word_1_180' title='bbox 321 2685 932 2784; x_wconf 38' lang='lat' dir='ltr'>P10p2.XVI.‚Lib.,</span> <span class='ocrx_word' id='word_1_181' title='bbox 959 2700 1014 2765; x_wconf 95' lang='lat' dir='ltr'>I.</span> <span class='ocrx_word' id='word_1_182' title='bbox 1045 2703 1302 2767; x_wconf 84' lang='lat' dir='ltr'>inventa</span> <span class='ocrx_word' id='word_1_183' title='bbox 1329 2701 1600 2766; x_wconf 87' lang='lat' dir='ltr'>describi</span> <span class='ocrx_word' id='word_1_184' title='bbox 1619 2702 1833 2786; x_wconf 69' lang='lat' dir='ltr'>debet.</span> 
     </span>
    </p>

    <p class='ocr_par' dir='ltr' id='par_1_5' title="bbox 311 2794 2922 3330">
     <span class='ocr_line' id='line_1_20' title="bbox 417 2794 2922 2897; baseline 0.001 -25"><span class='ocrx_word' id='word_1_185' title='bbox 417 2809 602 2891; x_wconf 82' lang='lat' dir='ltr'>Oper.</span> <span class='ocrx_word' id='word_1_186' title='bbox 637 2817 697 2873; x_wconf 78' lang='lat'>2.</span> <span class='ocrx_word' id='word_1_187' title='bbox 745 2809 1076 2896; x_wconf 85' lang='lat' dir='ltr'>Augeatur</span> <span class='ocrx_word' id='word_1_188' title='bbox 1111 2811 1190 2895; x_wconf 82' lang='lat'>(¹²)</span> <span class='ocrx_word' id='word_1_189' title='bbox 1223 2809 1556 2896; x_wconf 83' lang='lat' dir='ltr'>longitudo</span> <span class='ocrx_word' id='word_1_190' title='bbox 1583 2810 1899 2874; x_wconf 89' lang='lat' dir='ltr'>nodorum</span> <span class='ocrx_word' id='word_1_191' title='bbox 1924 2794 2110 2896; x_wconf 83' lang='lat' dir='ltr'>plani</span> <span class='ocrx_word' id='word_1_192' title='bbox 2128 2811 2507 2897; x_wconf 75' lang='lat' dir='ltr'>trajectoriae</span> <span class='ocrx_word' id='word_1_193' title='bbox 2516 2834 2536 2888; x_wconf 84' lang='lat'><em>3</em></span> <span class='ocrx_word' id='word_1_194' title='bbox 2581 2809 2810 2874; x_wconf 87' lang='lat' dir='ltr'>additis</span> <span class='ocrx_word' id='word_1_195' title='bbox 2840 2809 2922 2874; x_wconf 88' lang='lat' dir='ltr'>ad</span> 
     </span>
     <span class='ocr_line' id='line_1_21' title="bbox 311 2917 2921 3006; baseline 0.001 -26"><span class='ocrx_word' id='word_1_196' title='bbox 311 2917 776 3005; x_wconf 80' lang='lat' dir='ltr'>longitudinem</span> <span class='ocrx_word' id='word_1_197' title='bbox 818 2921 991 3001; x_wconf 88' lang='lat' dir='ltr'>illam</span> <span class='ocrx_word' id='word_1_198' title='bbox 1037 2922 1165 2996; x_wconf 77' lang='lat'>20&#39;.</span> <span class='ocrx_word' id='word_1_199' title='bbox 1192 2921 1293 2983; x_wconf 89' lang='lat' dir='ltr'>vel</span> <span class='ocrx_word' id='word_1_200' title='bbox 1325 2922 1446 2984; x_wconf 78' lang='lat'>30&#39;.</span> <span class='ocrx_word' id='word_1_201' title='bbox 1467 2931 1621 3006; x_wconf 64' lang='lat' dir='ltr'>:quae</span> <span class='ocrx_word' id='word_1_202' title='bbox 1656 2920 1947 2986; x_wconf 88' lang='lat' dir='ltr'>dicantur</span> <span class='ocrx_word' id='word_1_203' title='bbox 1991 2920 2047 2984; x_wconf 94' lang='lat' dir='ltr'>P</span> <span class='ocrx_word' id='word_1_204' title='bbox 2062 2945 2081 2996; x_wconf 84' lang='lat'><em>3</em></span> <span class='ocrx_word' id='word_1_205' title='bbox 2128 2932 2189 2985; x_wconf 89' lang='lat' dir='ltr'>et</span> <span class='ocrx_word' id='word_1_206' title='bbox 2216 2931 2495 2985; x_wconf 88' lang='lat' dir='ltr'>servetur</span> <span class='ocrx_word' id='word_1_207' title='bbox 2537 2918 2711 3005; x_wconf 88' lang='lat' dir='ltr'>plani</span> <span class='ocrx_word' id='word_1_208' title='bbox 2754 2919 2921 2982; x_wconf 83' lang='lat' dir='ltr'>illius</span> 
     </span>
     <span class='ocr_line' id='line_1_22' title="bbox 315 3009 2919 3112; baseline 0.001 -24"><span class='ocrx_word' id='word_1_209' title='bbox 315 3023 646 3090; x_wconf 84' lang='lat' dir='ltr'>inclinatio</span> <span class='ocrx_word' id='word_1_210' title='bbox 676 3027 758 3090; x_wconf 87' lang='lat' dir='ltr'>ad</span> <span class='ocrx_word' id='word_1_211' title='bbox 785 3027 1046 3112; x_wconf 80' lang='lat' dir='ltr'>planum</span> <span class='ocrx_word' id='word_1_212' title='bbox 1074 3026 1397 3111; x_wconf 68' lang='lat' dir='ltr'>eclipticae.</span> <span class='ocrx_word' id='word_1_213' title='bbox 1489 3009 2205 3112; x_wconf 16' lang='lat' dir='ltr'>Deindeffexlpraedictis</span> <span class='ocrx_word' id='word_1_214' title='bbox 2235 3028 2449 3112; x_wconf 73' lang='lat' dir='ltr'>tribus</span> <span class='ocrx_word' id='word_1_215' title='bbox 2466 3021 2735 3090; x_wconf 60' lang='lat' dir='ltr'>cometae&#39;</span> <span class='ocrx_word' id='word_1_216' title='bbox 2766 3024 2919 3090; x_wconf 89' lang='lat' dir='ltr'>locis</span> 
     </span>
     <span class='ocr_line' id='line_1_23' title="bbox 313 3119 2913 3224; baseline 0 -28"><span class='ocrx_word' id='word_1_217' title='bbox 313 3133 678 3212; x_wconf 80' lang='lat' dir='ltr'>observatiS,</span> <span class='ocrx_word' id='word_1_218' title='bbox 737 3135 1138 3200; x_wconf 86' lang='lat' dir='ltr'>inveniantur</span> <span class='ocrx_word' id='word_1_219' title='bbox 1195 3136 1264 3199; x_wconf 92' lang='lat' dir='ltr'>in</span> <span class='ocrx_word' id='word_1_220' title='bbox 1319 3135 1443 3198; x_wconf 88' lang='lat' dir='ltr'>hoc</span> <span class='ocrx_word' id='word_1_221' title='bbox 1501 3156 1667 3198; x_wconf 84' lang='lat' dir='ltr'>novo</span> <span class='ocrx_word' id='word_1_222' title='bbox 1724 3135 1917 3220; x_wconf 87' lang='lat' dir='ltr'>plano</span> <span class='ocrx_word' id='word_1_223' title='bbox 1974 3135 2119 3198; x_wconf 87' lang='lat' dir='ltr'>loca</span> <span class='ocrx_word' id='word_1_224' title='bbox 2169 3136 2292 3198; x_wconf 86' lang='lat' dir='ltr'>tria</span> <span class='ocrx_word' id='word_1_225' title='bbox 2318 3156 2509 3224; x_wconf 45' lang='lat' dir='ltr'>wera,</span> <span class='ocrx_word' id='word_1_226' title='bbox 2562 3145 2636 3196; x_wconf 91' lang='lat' dir='ltr'>ut</span> <span class='ocrx_word' id='word_1_227' title='bbox 2687 3119 2913 3216; x_wconf 61' lang='lat' dir='ltr'>suprai</span> 
     </span>
     <span class='ocr_line' id='line_1_24' title="bbox 316 3237 2918 3330; baseline -0.001 -22"><span class='ocrx_word' id='word_1_228' title='bbox 316 3243 552 3308; x_wconf 87' lang='lat' dir='ltr'>deinde</span> <span class='ocrx_word' id='word_1_229' title='bbox 597 3244 787 3308; x_wconf 87' lang='lat' dir='ltr'>etiam</span> <span class='ocrx_word' id='word_1_230' title='bbox 829 3245 1000 3308; x_wconf 88' lang='lat' dir='ltr'>orbis</span> <span class='ocrx_word' id='word_1_231' title='bbox 1043 3266 1158 3330; x_wconf 86' lang='lat' dir='ltr'>per</span> <span class='ocrx_word' id='word_1_232' title='bbox 1200 3244 1341 3308; x_wconf 88' lang='lat' dir='ltr'>loca</span> <span class='ocrx_word' id='word_1_233' title='bbox 1382 3243 1486 3310; x_wconf 83' lang='lat' dir='ltr'>illa</span> <span class='ocrx_word' id='word_1_234' title='bbox 1517 3243 1841 3322; x_wconf 84' lang='lat' dir='ltr'>transiens,</span> <span class='ocrx_word' id='word_1_235' title='bbox 1876 3237 1970 3330; x_wconf 87' lang='lat'>(⁰).</span> <span class='ocrx_word' id='word_1_236' title='bbox 1986 3255 2049 3308; x_wconf 88' lang='lat' dir='ltr'>et</span> <span class='ocrx_word' id='word_1_237' title='bbox 2078 3242 2356 3328; x_wconf 85' lang='lat' dir='ltr'>ejusdem</span> <span class='ocrx_word' id='word_1_238' title='bbox 2386 3263 2551 3306; x_wconf 87' lang='lat' dir='ltr'>areae</span> <span class='ocrx_word' id='word_1_239' title='bbox 2579 3240 2724 3305; x_wconf 87' lang='lat' dir='ltr'>duae</span> <span class='ocrx_word' id='word_1_240' title='bbox 2748 3241 2918 3328; x_wconf 80' lang='lat' dir='ltr'>inter</span> 
     </span>
    </p>
   </div>
   <div class='ocr_carea' id='block_1_5' title="bbox 265 3417 1585 4696">
    <p class='ocr_par' dir='ltr' id='par_1_6' title="bbox 309 3417 1583 3613">
     <span class='ocr_line' id='line_1_25' title="bbox 380 3417 1581 3482; baseline 0.001 -15"><span class='ocrx_word' id='word_1_241' title='bbox 380 3417 452 3481; x_wconf 67' lang='lat'>(¹³)</span> <span class='ocrx_word' id='word_1_242' title='bbox 481 3419 507 3448; x_wconf 74' lang='lat'>⁸·</span> <span class='ocrx_word' id='word_1_243' title='bbox 532 3421 597 3468; x_wconf 85' lang='lat' dir='ltr'>In</span> <span class='ocrx_word' id='word_1_244' title='bbox 624 3421 821 3482; x_wconf 77' lang='lat' dir='ltr'>perigaeo</span> <span class='ocrx_word' id='word_1_245' title='bbox 851 3422 1026 3469; x_wconf 78' lang='lat' dir='ltr'>versari</span> <span class='ocrx_word' id='word_1_246' title='bbox 1055 3422 1277 3470; x_wconf 77' lang='lat' dir='ltr'>convenit.</span> <span class='ocrx_word' id='word_1_247' title='bbox 1351 3419 1581 3468; x_wconf 84' lang='lat' dir='ltr'>Versante</span> 
     </span>
     <span class='ocr_line' id='line_1_26' title="bbox 313 3483 1583 3548; baseline 0.002 -20"><span class='ocrx_word' id='word_1_248' title='bbox 313 3483 440 3531; x_wconf 82' lang='lat' dir='ltr'>enim</span> <span class='ocrx_word' id='word_1_249' title='bbox 463 3494 646 3530; x_wconf 85' lang='lat' dir='ltr'>cometa</span> <span class='ocrx_word' id='word_1_250' title='bbox 675 3485 728 3531; x_wconf 88' lang='lat' dir='ltr'>in</span> <span class='ocrx_word' id='word_1_251' title='bbox 759 3484 963 3548; x_wconf 81' lang='lat' dir='ltr'>perigaeo</span> <span class='ocrx_word' id='word_1_252' title='bbox 985 3485 1060 3532; x_wconf 87' lang='lat' dir='ltr'>vel</span> <span class='ocrx_word' id='word_1_253' title='bbox 1081 3486 1246 3532; x_wconf 79' lang='lat' dir='ltr'>saltem</span> <span class='ocrx_word' id='word_1_254' title='bbox 1268 3499 1365 3530; x_wconf 88' lang='lat' dir='ltr'>non</span> <span class='ocrx_word' id='word_1_255' title='bbox 1387 3484 1532 3546; x_wconf 61' lang='lat' dir='ltr'>longe</span> <span class='ocrx_word' id='word_1_256' title='bbox 1553 3502 1583 3531; x_wconf 84' lang='lat' dir='ltr'>a</span> 
     </span>
     <span class='ocr_line' id='line_1_27' title="bbox 309 3547 1526 3613; baseline 0.004 -22"><span class='ocrx_word' id='word_1_257' title='bbox 309 3547 530 3613; x_wconf 74' lang='lat' dir='ltr'>perigaeo,</span> <span class='ocrx_word' id='word_1_258' title='bbox 552 3547 686 3595; x_wconf 62' lang='lat' dir='ltr'>‚illius</span> <span class='ocrx_word' id='word_1_259' title='bbox 705 3559 863 3594; x_wconf 89' lang='lat' dir='ltr'>motus</span> <span class='ocrx_word' id='word_1_260' title='bbox 884 3549 1036 3611; x_wconf 82' lang='lat' dir='ltr'>magis</span> <span class='ocrx_word' id='word_1_261' title='bbox 1055 3547 1270 3596; x_wconf 68' lang='lat' dir='ltr'>accurate</span> <span class='ocrx_word' id='word_1_262' title='bbox 1291 3547 1526 3596; x_wconf 82' lang='lat' dir='ltr'>definitur.</span> 
     </span>
    </p>

    <p class='ocr_par' dir='ltr' id='par_1_7' title="bbox 307 3609 1584 4057">
     <span class='ocr_line' id='line_1_28' title="bbox 379 3609 1582 3676; baseline -0.001 -17"><span class='ocrx_word' id='word_1_263' title='bbox 379 3609 440 3674; x_wconf 90' lang='lat'>(¹)</span> <span class='ocrx_word' id='word_1_264' title='bbox 466 3615 492 3640; x_wconf 73' lang='lat'>*¹</span> <span class='ocrx_word' id='word_1_265' title='bbox 519 3613 600 3659; x_wconf 71' lang='lat' dir='ltr'>Er</span> <span class='ocrx_word' id='word_1_266' title='bbox 619 3615 690 3660; x_wconf 77' lang='grc' dir='ltr'>Ιιίε</span> <span class='ocrx_word' id='word_1_267' title='bbox 721 3615 828 3660; x_wconf 70' lang='lat' dir='ltr'>locis</span> <span class='ocrx_word' id='word_1_268' title='bbox 859 3617 1200 3676; x_wconf 54' lang='lat' dir='ltr'>apparentibus.</span> <span class='ocrx_word' id='word_1_269' title='bbox 1273 3613 1582 3663; x_wconf 71' lang='lat' dir='ltr'>Invenientur</span> 
     </span>
     <span class='ocr_line' id='line_1_29' title="bbox 309 3675 1572 3741; baseline 0.001 -20"><span class='ocrx_word' id='word_1_270' title='bbox 309 3689 396 3734; x_wconf 86' lang='lat' dir='ltr'>per</span> <span class='ocrx_word' id='word_1_271' title='bbox 434 3675 726 3735; x_wconf 81' lang='lat' dir='ltr'>&#39;operationes</span> <span class='ocrx_word' id='word_1_272' title='bbox 767 3677 1168 3738; x_wconf 78' lang='lat' dir='ltr'>trigonometricas</span> <span class='ocrx_word' id='word_1_273' title='bbox 1214 3681 1291 3741; x_wconf 92' lang='lat' dir='ltr'>(ut</span> <span class='ocrx_word' id='word_1_274' title='bbox 1332 3679 1383 3724; x_wconf 82' lang='lat' dir='ltr'>in</span> <span class='ocrx_word' id='word_1_275' title='bbox 1430 3677 1572 3736; x_wconf 86' lang='lat' dir='ltr'>Prop.</span> 
     </span>
     <span class='ocr_line' id='line_1_30' title="bbox 309 3737 1584 3800; baseline 0.002 -17"><span class='ocrx_word' id='word_1_276' title='bbox 309 3737 537 3799; x_wconf 82' lang='lat' dir='ltr'>praeced.)</span> <span class='ocrx_word' id='word_1_277' title='bbox 561 3740 664 3788; x_wconf 78' lang='lat' dir='ltr'>loca</span> <span class='ocrx_word' id='word_1_278' title='bbox 685 3740 774 3787; x_wconf 85' lang='lat' dir='ltr'>tria</span> <span class='ocrx_word' id='word_1_279' title='bbox 795 3755 904 3788; x_wconf 84' lang='lat' dir='ltr'>vera</span> <span class='ocrx_word' id='word_1_280' title='bbox 925 3751 1120 3788; x_wconf 80' lang='lat' dir='ltr'>cometae</span> <span class='ocrx_word' id='word_1_281' title='bbox 1153 3741 1204 3786; x_wconf 87' lang='lat' dir='ltr'>in</span> <span class='ocrx_word' id='word_1_282' title='bbox 1227 3750 1466 3800; x_wconf 79' lang='lat' dir='ltr'>assumpto</span> <span class='ocrx_word' id='word_1_283' title='bbox 1497 3741 1584 3788; x_wconf 79' lang='lat' dir='ltr'>illo</span> 
     </span>
     <span class='ocr_line' id='line_1_31' title="bbox 313 3801 1580 3866; baseline 0.002 -19"><span class='ocrx_word' id='word_1_284' title='bbox 313 3801 460 3862; x_wconf 86' lang='lat' dir='ltr'>plano</span> <span class='ocrx_word' id='word_1_285' title='bbox 481 3803 756 3866; x_wconf 83' lang='lat' dir='ltr'>trajectoriae</span> <span class='ocrx_word' id='word_1_286' title='bbox 778 3813 1000 3866; x_wconf 84' lang='lat' dir='ltr'>tanquam</span> <span class='ocrx_word' id='word_1_287' title='bbox 1023 3814 1255 3862; x_wconf 86' lang='lat' dir='ltr'>accurato,</span> <span class='ocrx_word' id='word_1_288' title='bbox 1279 3807 1368 3850; x_wconf 87' lang='lat' dir='ltr'>hoc</span> <span class='ocrx_word' id='word_1_289' title='bbox 1391 3815 1471 3859; x_wconf 86' lang='lat' dir='ltr'>est,</span> <span class='ocrx_word' id='word_1_290' title='bbox 1505 3807 1580 3850; x_wconf 87' lang='lat' dir='ltr'>in-</span> 
     </span>
     <span class='ocr_line' id='line_1_32' title="bbox 309 3866 1581 3932; baseline 0.002 -21"><span class='ocrx_word' id='word_1_291' title='bbox 309 3866 558 3913; x_wconf 81' lang='lat' dir='ltr'>veniantur</span> <span class='ocrx_word' id='word_1_292' title='bbox 579 3869 667 3914; x_wconf 84' lang='lat' dir='ltr'>tria</span> <span class='ocrx_word' id='word_1_293' title='bbox 688 3869 818 3928; x_wconf 81' lang='lat' dir='ltr'>prius</span> <span class='ocrx_word' id='word_1_294' title='bbox 839 3869 1022 3916; x_wconf 85' lang='lat' dir='ltr'>definiti</span> <span class='ocrx_word' id='word_1_295' title='bbox 1045 3869 1174 3927; x_wconf 86' lang='lat' dir='ltr'>plani</span> <span class='ocrx_word' id='word_1_296' title='bbox 1207 3879 1383 3928; x_wconf 81' lang='lat' dir='ltr'>puncta</span> <span class='ocrx_word' id='word_1_297' title='bbox 1403 3869 1452 3914; x_wconf 89' lang='lat' dir='ltr'>in</span> <span class='ocrx_word' id='word_1_298' title='bbox 1476 3869 1581 3932; x_wconf 87' lang='lat' dir='ltr'>qui-</span> 
     </span>
     <span class='ocr_line' id='line_1_33' title="bbox 307 3931 1582 3995; baseline 0.002 -19"><span class='ocrx_word' id='word_1_299' title='bbox 307 3931 398 3990; x_wconf 80' lang='lat' dir='ltr'>bus</span> <span class='ocrx_word' id='word_1_300' title='bbox 418 3941 600 3978; x_wconf 82' lang='lat' dir='ltr'>cometa</span> <span class='ocrx_word' id='word_1_301' title='bbox 621 3931 817 3980; x_wconf 86' lang='lat' dir='ltr'>eandem</span> <span class='ocrx_word' id='word_1_302' title='bbox 841 3932 1188 3995; x_wconf 79' lang='lat' dir='ltr'>longitudinem</span> <span class='ocrx_word' id='word_1_303' title='bbox 1211 3949 1266 3979; x_wconf 82' lang='lat' dir='ltr'>ac</span> <span class='ocrx_word' id='word_1_304' title='bbox 1288 3932 1582 3979; x_wconf 86' lang='lat' dir='ltr'>latitudinem</span> 
     </span>
     <span class='ocr_line' id='line_1_34' title="bbox 307 3993 1385 4057; baseline 0.004 -18"><span class='ocrx_word' id='word_1_305' title='bbox 307 3993 538 4042; x_wconf 86' lang='lat' dir='ltr'>obtineret</span> <span class='ocrx_word' id='word_1_306' title='bbox 557 4010 703 4057; x_wconf 88' lang='lat' dir='ltr'>quam</span> <span class='ocrx_word' id='word_1_307' title='bbox 725 3995 885 4044; x_wconf 62' lang='lat' dir='ltr'>revera</span> <span class='ocrx_word' id='word_1_308' title='bbox 905 3999 1078 4044; x_wconf 86' lang='lat' dir='ltr'>habere</span> <span class='ocrx_word' id='word_1_309' title='bbox 1100 3997 1385 4043; x_wconf 84' lang='lat' dir='ltr'>observatur.</span> 
     </span>
    </p>

    <p class='ocr_par' dir='ltr' id='par_1_8' title="bbox 265 4056 1585 4696">
     <span class='ocr_line' id='line_1_35' title="bbox 375 4056 1585 4124; baseline -0.002 -15"><span class='ocrx_word' id='word_1_310' title='bbox 375 4058 458 4121; x_wconf 84' lang='lat'>(¹¹¹)</span> <span class='ocrx_word' id='word_1_311' title='bbox 496 4061 523 4090; x_wconf 69' lang='lat'>¹*</span> <span class='ocrx_word' id='word_1_312' title='bbox 557 4061 684 4124; x_wconf 53' lang='lat' dir='ltr'>Ejus</span> <span class='ocrx_word' id='word_1_313' title='bbox 705 4056 858 4110; x_wconf 80' lang='lat' dir='ltr'>areae.&#39;</span> <span class='ocrx_word' id='word_1_314' title='bbox 916 4061 994 4108; x_wconf 91' lang='lat' dir='ltr'>Ex</span> <span class='ocrx_word' id='word_1_315' title='bbox 1035 4058 1146 4107; x_wconf 67' lang='lat' dir='ltr'>data</span> <span class='ocrx_word' id='word_1_316' title='bbox 1184 4072 1379 4108; x_wconf 85' lang='lat' dir='ltr'>cometae</span> <span class='ocrx_word' id='word_1_317' title='bbox 1417 4058 1585 4108; x_wconf 63' lang='lat' dir='ltr'>semita</span> 
     </span>
     <span class='ocr_line' id='line_1_36' title="bbox 309 4120 1584 4188; baseline 0.002 -20"><span class='ocrx_word' id='word_1_318' title='bbox 309 4120 506 4184; x_wconf 84' lang='lat' dir='ltr'>ejusque</span> <span class='ocrx_word' id='word_1_319' title='bbox 540 4127 748 4184; x_wconf 82' lang='lat' dir='ltr'>partium</span> <span class='ocrx_word' id='word_1_320' title='bbox 779 4124 1127 4188; x_wconf 84' lang='lat' dir='ltr'>magnitudine,</span> <span class='ocrx_word' id='word_1_321' title='bbox 1159 4135 1374 4184; x_wconf 86' lang='lat' dir='ltr'>respectu</span> <span class='ocrx_word' id='word_1_322' title='bbox 1406 4124 1584 4174; x_wconf 86' lang='lat' dir='ltr'>semitae</span> 
     </span>
     <span class='ocr_line' id='line_1_37' title="bbox 265 4186 1584 4250; baseline 0 -16"><span class='ocrx_word' id='word_1_323' title='bbox 265 4219 270 4222; x_wconf 97' lang='lat'>-</span> <span class='ocrx_word' id='word_1_324' title='bbox 311 4186 516 4234; x_wconf 84' lang='lat' dir='ltr'>Telluris</span> <span class='ocrx_word' id='word_1_325' title='bbox 547 4189 742 4250; x_wconf 89' lang='lat' dir='ltr'>ejusque</span> <span class='ocrx_word' id='word_1_326' title='bbox 771 4192 992 4250; x_wconf 84' lang='lat' dir='ltr'>partium,</span> <span class='ocrx_word' id='word_1_327' title='bbox 1031 4189 1220 4248; x_wconf 69' lang='lat' dir='ltr'>dabitur</span> <span class='ocrx_word' id='word_1_328' title='bbox 1248 4189 1466 4235; x_wconf 84' lang='lat' dir='ltr'>velocitas</span> <span class='ocrx_word' id='word_1_329' title='bbox 1488 4187 1584 4250; x_wconf 69' lang='lat' dir='ltr'>quii.</span> 
     </span>
     <span class='ocr_line' id='line_1_38' title="bbox 305 4250 1584 4314; baseline 0.002 -18"><span class='ocrx_word' id='word_1_330' title='bbox 305 4260 488 4298; x_wconf 85' lang='lat' dir='ltr'>cometa</span> <span class='ocrx_word' id='word_1_331' title='bbox 521 4250 654 4299; x_wconf 83' lang='lat' dir='ltr'>illam</span> <span class='ocrx_word' id='word_1_332' title='bbox 686 4251 915 4306; x_wconf 83' lang='lat' dir='ltr'>describit.</span> <span class='ocrx_word' id='word_1_333' title='bbox 953 4251 1156 4314; x_wconf 73' lang='lat' dir='ltr'>ideoque</span> <span class='ocrx_word' id='word_1_334' title='bbox 1179 4251 1367 4300; x_wconf 83' lang='lat' dir='ltr'>dabitur</span> <span class='ocrx_word' id='word_1_335' title='bbox 1397 4262 1584 4310; x_wconf 76' lang='lat' dir='ltr'>tempus</span> 
     </span>
     <span class='ocr_line' id='line_1_39' title="bbox 304 4316 1576 4377; baseline 0.002 -17"><span class='ocrx_word' id='word_1_336' title='bbox 304 4329 402 4374; x_wconf 86' lang='lat' dir='ltr'>quo</span> <span class='ocrx_word' id='word_1_337' title='bbox 431 4327 616 4362; x_wconf 85' lang='lat' dir='ltr'>cometa</span> <span class='ocrx_word' id='word_1_338' title='bbox 645 4331 781 4366; x_wconf 79' lang='lat' dir='ltr'>areas</span> <span class='ocrx_word' id='word_1_339' title='bbox 801 4317 920 4364; x_wconf 84' lang='lat' dir='ltr'>duas</span> <span class='ocrx_word' id='word_1_340' title='bbox 945 4316 1048 4377; x_wconf 87' lang='lat' dir='ltr'>jam</span> <span class='ocrx_word' id='word_1_341' title='bbox 1081 4318 1296 4364; x_wconf 84' lang='lat' dir='ltr'>inventas</span> <span class='ocrx_word' id='word_1_342' title='bbox 1334 4316 1576 4376; x_wconf 83' lang='lat' dir='ltr'>percurrit.</span> 
     </span>
     <span class='ocr_line' id='line_1_40' title="bbox 307 4379 1582 4442; baseline 0.001 -17"><span class='ocrx_word' id='word_1_343' title='bbox 307 4379 520 4438; x_wconf 84' lang='lat' dir='ltr'>Tempus</span> <span class='ocrx_word' id='word_1_344' title='bbox 559 4379 683 4428; x_wconf 82' lang='lat' dir='ltr'>illud</span> <span class='ocrx_word' id='word_1_345' title='bbox 723 4389 880 4428; x_wconf 87' lang='lat' dir='ltr'>totum</span> <span class='ocrx_word' id='word_1_346' title='bbox 921 4379 1110 4428; x_wconf 82' lang='lat' dir='ltr'>dicatur</span> <span class='ocrx_word' id='word_1_347' title='bbox 1163 4381 1222 4437; x_wconf 90' lang='lat' dir='ltr'>T,</span> <span class='ocrx_word' id='word_1_348' title='bbox 1279 4379 1582 4442; x_wconf 78' lang='lat' dir='ltr'>capiaturque</span> 
     </span>
     <span class='ocr_line' id='line_1_41' title="bbox 301 4443 1582 4506; baseline 0.002 -20"><span class='ocrx_word' id='word_1_349' title='bbox 301 4456 532 4489; x_wconf 85' lang='lat' dir='ltr'>numerus</span> <span class='ocrx_word' id='word_1_350' title='bbox 556 4445 611 4498; x_wconf 86' lang='lat' dir='ltr'>C,</span> <span class='ocrx_word' id='word_1_351' title='bbox 639 4443 722 4506; x_wconf 86' lang='lat' dir='ltr'>qui</span> <span class='ocrx_word' id='word_1_352' title='bbox 741 4445 802 4492; x_wconf 84' lang='lat' dir='ltr'>sit</span> <span class='ocrx_word' id='word_1_353' title='bbox 823 4443 952 4498; x_wconf 82' lang='lat' dir='ltr'>adl,</span> <span class='ocrx_word' id='word_1_354' title='bbox 989 4454 1046 4492; x_wconf 89' lang='lat' dir='ltr'>ut</span> <span class='ocrx_word' id='word_1_355' title='bbox 1065 4455 1256 4503; x_wconf 88' lang='lat' dir='ltr'>tempus</span> <span class='ocrx_word' id='word_1_356' title='bbox 1283 4445 1406 4494; x_wconf 86' lang='lat' dir='ltr'>inter</span> <span class='ocrx_word' id='word_1_357' title='bbox 1426 4446 1582 4490; x_wconf 84' lang='lat' dir='ltr'>obser.</span> 
     </span>
     <span class='ocr_line' id='line_1_42' title="bbox 302 4505 1582 4568; baseline 0.002 -18"><span class='ocrx_word' id='word_1_358' title='bbox 302 4505 538 4554; x_wconf 85' lang='lat' dir='ltr'>vationem</span> <span class='ocrx_word' id='word_1_359' title='bbox 569 4507 771 4568; x_wconf 86' lang='lat' dir='ltr'>primam</span> <span class='ocrx_word' id='word_1_360' title='bbox 793 4519 841 4556; x_wconf 90' lang='lat' dir='ltr'>et</span> <span class='ocrx_word' id='word_1_361' title='bbox 861 4509 1119 4556; x_wconf 84' lang='lat' dir='ltr'>secundam</span> <span class='ocrx_word' id='word_1_362' title='bbox 1148 4509 1210 4556; x_wconf 83' lang='lat' dir='ltr'>ad</span> <span class='ocrx_word' id='word_1_363' title='bbox 1241 4518 1429 4567; x_wconf 85' lang='lat' dir='ltr'>tempus</span> <span class='ocrx_word' id='word_1_364' title='bbox 1460 4509 1582 4554; x_wconf 87' lang='lat' dir='ltr'>inter</span> 
     </span>
     <span class='ocr_line' id='line_1_43' title="bbox 301 4571 1584 4630; baseline 0.001 -14"><span class='ocrx_word' id='word_1_365' title='bbox 301 4571 670 4618; x_wconf 75' lang='lat' dir='ltr'>observationem</span> <span class='ocrx_word' id='word_1_366' title='bbox 693 4571 952 4630; x_wconf 80' lang='lat' dir='ltr'>secundam</span> <span class='ocrx_word' id='word_1_367' title='bbox 979 4581 1026 4619; x_wconf 87' lang='lat' dir='ltr'>et</span> <span class='ocrx_word' id='word_1_368' title='bbox 1047 4571 1251 4628; x_wconf 84' lang='lat' dir='ltr'>tertiam,</span> <span class='ocrx_word' id='word_1_369' title='bbox 1287 4573 1378 4618; x_wconf 89' lang='lat' dir='ltr'>hoc</span> <span class='ocrx_word' id='word_1_370' title='bbox 1410 4579 1493 4628; x_wconf 90' lang='lat' dir='ltr'>est,</span> <span class='ocrx_word' id='word_1_371' title='bbox 1527 4581 1584 4618; x_wconf 89' lang='lat' dir='ltr'>ut</span> 
     </span>
     <span class='ocr_line' id='line_1_44' title="bbox 305 4633 1584 4696; baseline 0.003 -18"><span class='ocrx_word' id='word_1_372' title='bbox 305 4637 354 4678; x_wconf 92' lang='lat' dir='ltr'>A</span> <span class='ocrx_word' id='word_1_373' title='bbox 387 4633 448 4680; x_wconf 87' lang='lat' dir='ltr'>ad</span> <span class='ocrx_word' id='word_1_374' title='bbox 481 4637 539 4682; x_wconf 89' lang='lat' dir='ltr'>B.</span> <span class='ocrx_word' id='word_1_375' title='bbox 615 4635 840 4682; x_wconf 84' lang='lat' dir='ltr'>Sumatur</span> <span class='ocrx_word' id='word_1_376' title='bbox 871 4633 1102 4696; x_wconf 66' lang='lat' dir='ltr'>praeterea</span> <span class='ocrx_word' id='word_1_377' title='bbox 1132 4637 1178 4684; x_wconf 88' lang='lat' dir='ltr'><strong>G</strong></span> <span class='ocrx_word' id='word_1_378' title='bbox 1201 4635 1264 4684; x_wconf 86' lang='lat' dir='ltr'>ad</span> <span class='ocrx_word' id='word_1_379' title='bbox 1299 4641 1342 4694; x_wconf 87' lang='lat'>1,</span> <span class='ocrx_word' id='word_1_380' title='bbox 1375 4645 1436 4692; x_wconf 75' lang='lat' dir='ltr'>ut</span> <span class='ocrx_word' id='word_1_381' title='bbox 1463 4650 1584 4696; x_wconf 64' lang='lat' dir='ltr'>areae</span> 
     </span>
    </p>
   </div>
   <div class='ocr_carea' id='block_1_6' title="bbox 1645 3413 2919 4695">
    <p class='ocr_par' dir='ltr' id='par_1_9' title="bbox 1645 3413 2917 4438">
     <span class='ocr_line' id='line_1_45' title="bbox 1646 3413 2913 3477; baseline -0.006 -10"><span class='ocrx_word' id='word_1_382' title='bbox 1646 3433 1806 3468; x_wconf 83' lang='lat' dir='ltr'>aream</span> <span class='ocrx_word' id='word_1_383' title='bbox 1837 3418 1961 3466; x_wconf 86' lang='lat' dir='ltr'>inter</span> <span class='ocrx_word' id='word_1_384' title='bbox 1980 3418 2349 3466; x_wconf 79' lang='lat' dir='ltr'>observationem</span> <span class='ocrx_word' id='word_1_385' title='bbox 2370 3415 2621 3466; x_wconf 81' lang='lat' dir='ltr'>secundam</span> <span class='ocrx_word' id='word_1_386' title='bbox 2647 3423 2695 3463; x_wconf 89' lang='lat' dir='ltr'>et</span> <span class='ocrx_word' id='word_1_387' title='bbox 2714 3413 2913 3477; x_wconf 80' lang='lat' dir='ltr'>tertiam,</span> 
     </span>
     <span class='ocr_line' id='line_1_46' title="bbox 1645 3478 2917 3544; baseline -0.004 -14"><span class='ocrx_word' id='word_1_388' title='bbox 1645 3483 1697 3530; x_wconf 90' lang='lat' dir='ltr'>id</span> <span class='ocrx_word' id='word_1_389' title='bbox 1735 3494 1815 3540; x_wconf 88' lang='lat' dir='ltr'>est,</span> <span class='ocrx_word' id='word_1_390' title='bbox 1852 3493 1909 3530; x_wconf 88' lang='lat' dir='ltr'>ut</span> <span class='ocrx_word' id='word_1_391' title='bbox 1951 3485 2001 3531; x_wconf 94' lang='lat' dir='ltr'>D</span> <span class='ocrx_word' id='word_1_392' title='bbox 2040 3483 2100 3530; x_wconf 88' lang='lat' dir='ltr'>ad</span> <span class='ocrx_word' id='word_1_393' title='bbox 2142 3484 2223 3542; x_wconf 83' lang='lat' dir='ltr'>E3</span> <span class='ocrx_word' id='word_1_394' title='bbox 2256 3482 2420 3531; x_wconf 84' lang='lat' dir='ltr'>eadem</span> <span class='ocrx_word' id='word_1_395' title='bbox 2454 3497 2643 3544; x_wconf 88' lang='lat' dir='ltr'>quoque</span> <span class='ocrx_word' id='word_1_396' title='bbox 2678 3480 2765 3526; x_wconf 82' lang='lat' dir='ltr'>erit</span> <span class='ocrx_word' id='word_1_397' title='bbox 2797 3478 2917 3526; x_wconf 79' lang='lat' dir='ltr'>ratio</span> 
     </span>
     <span class='ocr_line' id='line_1_47' title="bbox 1645 3543 2913 3613; baseline -0.005 -19"><span class='ocrx_word' id='word_1_398' title='bbox 1645 3548 1769 3595; x_wconf 86' lang='lat' dir='ltr'>inter</span> <span class='ocrx_word' id='word_1_399' title='bbox 1800 3558 2012 3608; x_wconf 88' lang='lat' dir='ltr'>tempora</span> <span class='ocrx_word' id='word_1_400' title='bbox 2040 3547 2213 3613; x_wconf 89' lang='lat' dir='ltr'>quibus</span> <span class='ocrx_word' id='word_1_401' title='bbox 2244 3563 2364 3594; x_wconf 80' lang='lat' dir='ltr'>areae</span> <span class='ocrx_word' id='word_1_402' title='bbox 2395 3547 2489 3594; x_wconf 84' lang='lat' dir='ltr'>illae</span> <span class='ocrx_word' id='word_1_403' title='bbox 2509 3543 2651 3592; x_wconf 84' lang='lat' dir='ltr'>radiis</span> <span class='ocrx_word' id='word_1_404' title='bbox 2671 3544 2731 3591; x_wconf 85' lang='lat' dir='ltr'>ad</span> <span class='ocrx_word' id='word_1_405' title='bbox 2758 3543 2913 3606; x_wconf 86' lang='lat' dir='ltr'>Solem</span> 
     </span>
     <span class='ocr_line' id='line_1_48' title="bbox 1645 3607 2915 3668; baseline -0.006 -9"><span class='ocrx_word' id='word_1_406' title='bbox 1645 3613 1801 3660; x_wconf 89' lang='lat' dir='ltr'>ductis</span> <span class='ocrx_word' id='word_1_407' title='bbox 1823 3612 2154 3658; x_wconf 83' lang='lat' dir='ltr'>describentur.</span> <span class='ocrx_word' id='word_1_408' title='bbox 2228 3611 2299 3658; x_wconf 88' lang='lat' dir='ltr'>Sit</span> <span class='ocrx_word' id='word_1_409' title='bbox 2324 3612 2373 3665; x_wconf 90' lang='lat' dir='ltr'>S,</span> <span class='ocrx_word' id='word_1_410' title='bbox 2396 3621 2583 3668; x_wconf 86' lang='lat' dir='ltr'>tempus</span> <span class='ocrx_word' id='word_1_411' title='bbox 2603 3623 2763 3655; x_wconf 86' lang='lat' dir='ltr'>verum</span> <span class='ocrx_word' id='word_1_412' title='bbox 2791 3607 2915 3653; x_wconf 86' lang='lat' dir='ltr'>inter</span> 
     </span>
     <span class='ocr_line' id='line_1_49' title="bbox 1645 3667 2915 3736; baseline -0.006 -12"><span class='ocrx_word' id='word_1_413' title='bbox 1645 3676 2009 3724; x_wconf 85' lang='lat' dir='ltr'>observationem</span> <span class='ocrx_word' id='word_1_414' title='bbox 2022 3677 2231 3736; x_wconf 84' lang='lat' dir='ltr'>&#39;primam</span> <span class='ocrx_word' id='word_1_415' title='bbox 2248 3681 2301 3722; x_wconf 76' lang='lat' dir='ltr'>‘et</span> <span class='ocrx_word' id='word_1_416' title='bbox 2323 3674 2518 3722; x_wconf 87' lang='lat' dir='ltr'>tertiam.</span> <span class='ocrx_word' id='word_1_417' title='bbox 2590 3673 2639 3720; x_wconf 86' lang='lat' dir='ltr'>si</span> <span class='ocrx_word' id='word_1_418' title='bbox 2660 3667 2915 3732; x_wconf 84' lang='lat' dir='ltr'>&#39;reperiatur</span> 
     </span>
     <span class='ocr_line' id='line_1_50' title="bbox 1649 3735 2915 3798; baseline -0.005 -10"><span class='ocrx_word' id='word_1_419' title='bbox 1649 3741 1696 3788; x_wconf 94' lang='lat' dir='ltr'>T</span> <span class='ocrx_word' id='word_1_420' title='bbox 1716 3760 1785 3786; x_wconf 89' lang='lat'><strong><em>=</em></strong></span> <span class='ocrx_word' id='word_1_421' title='bbox 1820 3741 1867 3797; x_wconf 91' lang='lat' dir='ltr'>S,</span> <span class='ocrx_word' id='word_1_422' title='bbox 1906 3750 1954 3787; x_wconf 84' lang='lat' dir='ltr'>et</span> <span class='ocrx_word' id='word_1_423' title='bbox 1995 3741 2042 3788; x_wconf 89' lang='lat' dir='ltr'>G</span> <span class='ocrx_word' id='word_1_424' title='bbox 2063 3759 2134 3785; x_wconf 92' lang='lat'>=</span> <span class='ocrx_word' id='word_1_425' title='bbox 2162 3741 2217 3797; x_wconf 92' lang='lat' dir='ltr'>C,</span> <span class='ocrx_word' id='word_1_426' title='bbox 2257 3739 2444 3786; x_wconf 85' lang='lat' dir='ltr'>inventa</span> <span class='ocrx_word' id='word_1_427' title='bbox 2477 3737 2604 3798; x_wconf 80' lang='lat' dir='ltr'>plani</span> <span class='ocrx_word' id='word_1_428' title='bbox 2642 3735 2915 3798; x_wconf 72' lang='lat' dir='ltr'>traJectoriae</span> 
     </span>
     <span class='ocr_line' id='line_1_51' title="bbox 1645 3800 2913 3865; baseline -0.005 -15"><span class='ocrx_word' id='word_1_429' title='bbox 1645 3805 1815 3865; x_wconf 87' lang='lat' dir='ltr'>positio</span> <span class='ocrx_word' id='word_1_430' title='bbox 1838 3819 1945 3852; x_wconf 82' lang='lat' dir='ltr'>vera</span> <span class='ocrx_word' id='word_1_431' title='bbox 1966 3804 2053 3850; x_wconf 87' lang='lat' dir='ltr'>erit</span> <span class='ocrx_word' id='word_1_432' title='bbox 2072 3812 2119 3851; x_wconf 90' lang='lat' dir='ltr'>et</span> <span class='ocrx_word' id='word_1_433' title='bbox 2149 3811 2377 3858; x_wconf 84' lang='lat' dir='ltr'>accurata,</span> <span class='ocrx_word' id='word_1_434' title='bbox 2410 3801 2543 3849; x_wconf 60' lang='lat' dir='ltr'>nulla</span> <span class='ocrx_word' id='word_1_435' title='bbox 2574 3800 2791 3862; x_wconf 84' lang='lat' dir='ltr'>indigens</span> <span class='ocrx_word' id='word_1_436' title='bbox 2811 3813 2913 3845; x_wconf 89' lang='lat' dir='ltr'>cor-</span> 
     </span>
     <span class='ocr_line' id='line_1_52' title="bbox 1645 3865 2913 3922; baseline -0.005 -8"><span class='ocrx_word' id='word_1_437' title='bbox 1645 3869 1865 3914; x_wconf 81' lang='lat' dir='ltr'>rectione.</span> <span class='ocrx_word' id='word_1_438' title='bbox 1935 3868 2017 3915; x_wconf 90' lang='lat' dir='ltr'>Sin</span> <span class='ocrx_word' id='word_1_439' title='bbox 2039 3868 2183 3921; x_wconf 86' lang='lat' dir='ltr'>aliter‚</span> <span class='ocrx_word' id='word_1_440' title='bbox 2208 3867 2295 3914; x_wconf 86' lang='lat' dir='ltr'>erit</span> <span class='ocrx_word' id='word_1_441' title='bbox 2318 3867 2365 3915; x_wconf 93' lang='lat' dir='ltr'>T</span> <span class='ocrx_word' id='word_1_442' title='bbox 2384 3891 2451 3904; x_wconf 89' lang='lat'>—</span> <span class='ocrx_word' id='word_1_443' title='bbox 2476 3865 2523 3922; x_wconf 91' lang='lat' dir='ltr'>S,</span> <span class='ocrx_word' id='word_1_444' title='bbox 2558 3879 2685 3912; x_wconf 87' lang='lat' dir='ltr'>error</span> <span class='ocrx_word' id='word_1_445' title='bbox 2714 3865 2765 3909; x_wconf 90' lang='lat' dir='ltr'>in</span> <span class='ocrx_word' id='word_1_446' title='bbox 2792 3872 2913 3910; x_wconf 87' lang='lat' dir='ltr'>tem-</span> 
     </span>
     <span class='ocr_line' id='line_1_53' title="bbox 1648 3926 2915 3994; baseline -0.003 -17"><span class='ocrx_word' id='word_1_447' title='bbox 1648 3948 1765 3994; x_wconf 86' lang='lat' dir='ltr'>pore</span> <span class='ocrx_word' id='word_1_448' title='bbox 1785 3941 1883 3979; x_wconf 84' lang='lat' dir='ltr'>toto</span> <span class='ocrx_word' id='word_1_449' title='bbox 1903 3932 2024 3979; x_wconf 86' lang='lat' dir='ltr'>inter</span> <span class='ocrx_word' id='word_1_450' title='bbox 2045 3931 2409 3979; x_wconf 82' lang='lat' dir='ltr'>observationem</span> <span class='ocrx_word' id='word_1_451' title='bbox 2440 3931 2640 3990; x_wconf 78' lang='lat' dir='ltr'>primam</span> <span class='ocrx_word' id='word_1_452' title='bbox 2661 3937 2709 3975; x_wconf 86' lang='lat' dir='ltr'>et</span> <span class='ocrx_word' id='word_1_453' title='bbox 2730 3926 2915 3975; x_wconf 80' lang='lat' dir='ltr'>tertiam</span> 
     </span>
     <span class='ocr_line' id='line_1_54' title="bbox 1649 3992 2915 4055; baseline -0.005 -13"><span class='ocrx_word' id='word_1_454' title='bbox 1649 4006 1794 4053; x_wconf 77' lang='lat' dir='ltr'>ortuS‚</span> <span class='ocrx_word' id='word_1_455' title='bbox 1840 3996 2065 4042; x_wconf 90' lang='lat' dir='ltr'>nimirum</span> <span class='ocrx_word' id='word_1_456' title='bbox 2103 4010 2176 4042; x_wconf 87' lang='lat' dir='ltr'>ex·</span> <span class='ocrx_word' id='word_1_457' title='bbox 2198 3996 2427 4055; x_wconf 86' lang='lat' dir='ltr'>positione</span> <span class='ocrx_word' id='word_1_458' title='bbox 2469 3993 2597 4054; x_wconf 83' lang='lat' dir='ltr'>plani</span> <span class='ocrx_word' id='word_1_459' title='bbox 2625 3992 2915 4054; x_wconf 74' lang='lat' dir='ltr'>&#39;traJectoriae</span> 
     </span>
     <span class='ocr_line' id='line_1_55' title="bbox 1648 4053 2915 4116; baseline -0.003 -10"><span class='ocrx_word' id='word_1_460' title='bbox 1648 4062 1810 4106; x_wconf 88' lang='lat' dir='ltr'>minus</span> <span class='ocrx_word' id='word_1_461' title='bbox 1832 4059 2064 4116; x_wconf 62' lang='lat' dir='ltr'>accurata,</span> <span class='ocrx_word' id='word_1_462' title='bbox 2088 4069 2135 4106; x_wconf 88' lang='lat' dir='ltr'>et</span> <span class='ocrx_word' id='word_1_463' title='bbox 2161 4059 2208 4107; x_wconf 88' lang='lat' dir='ltr'>G</span> <span class='ocrx_word' id='word_1_464' title='bbox 2230 4085 2293 4096; x_wconf 88' lang='lat'>--</span> <span class='ocrx_word' id='word_1_465' title='bbox 2320 4061 2378 4115; x_wconf 89' lang='lat' dir='ltr'>C,</span> <span class='ocrx_word' id='word_1_466' title='bbox 2412 4059 2502 4105; x_wconf 85' lang='lat' dir='ltr'>erit</span> <span class='ocrx_word' id='word_1_467' title='bbox 2522 4071 2649 4104; x_wconf 86' lang='lat' dir='ltr'>error</span> <span class='ocrx_word' id='word_1_468' title='bbox 2669 4072 2725 4102; x_wconf 85' lang='lat' dir='ltr'>ex</span> <span class='ocrx_word' id='word_1_469' title='bbox 2748 4053 2915 4106; x_wconf 62' lang='lat' dir='ltr'>eadem</span> 
     </span>
     <span class='ocr_line' id='line_1_56' title="bbox 1650 4119 2913 4184; baseline -0.003 -14"><span class='ocrx_word' id='word_1_470' title='bbox 1650 4123 1795 4171; x_wconf 62' lang='lat' dir='ltr'>causa</span> <span class='ocrx_word' id='word_1_471' title='bbox 1816 4132 1945 4170; x_wconf 85' lang='lat' dir='ltr'>ortus</span> <span class='ocrx_word' id='word_1_472' title='bbox 1975 4124 2027 4169; x_wconf 87' lang='lat' dir='ltr'>in</span> <span class='ocrx_word' id='word_1_473' title='bbox 2047 4123 2225 4170; x_wconf 85' lang='lat' dir='ltr'>ratione</span> <span class='ocrx_word' id='word_1_474' title='bbox 2246 4123 2466 4184; x_wconf 85' lang='lat' dir='ltr'>temporis</span> <span class='ocrx_word' id='word_1_475' title='bbox 2496 4122 2617 4168; x_wconf 83' lang='lat' dir='ltr'>inter</span> <span class='ocrx_word' id='word_1_476' title='bbox 2636 4119 2913 4168; x_wconf 79' lang='lat' dir='ltr'>observatio-</span> 
     </span>
     <span class='ocr_line' id='line_1_57' title="bbox 1649 4184 2915 4248; baseline -0.002 -14"><span class='ocrx_word' id='word_1_477' title='bbox 1649 4203 1761 4235; x_wconf 87' lang='lat' dir='ltr'>nem</span> <span class='ocrx_word' id='word_1_478' title='bbox 1795 4189 1994 4248; x_wconf 87' lang='lat' dir='ltr'>primam</span> <span class='ocrx_word' id='word_1_479' title='bbox 2016 4197 2063 4234; x_wconf 84' lang='lat' dir='ltr'>et</span> <span class='ocrx_word' id='word_1_480' title='bbox 2084 4187 2353 4243; x_wconf 83' lang='lat' dir='ltr'>secundam,</span> <span class='ocrx_word' id='word_1_481' title='bbox 2386 4185 2449 4233; x_wconf 83' lang='lat' dir='ltr'>ad</span> <span class='ocrx_word' id='word_1_482' title='bbox 2468 4197 2659 4245; x_wconf 75' lang='lat' dir='ltr'>tempus</span> <span class='ocrx_word' id='word_1_483' title='bbox 2686 4184 2808 4230; x_wconf 79' lang='lat' dir='ltr'>inter</span> <span class='ocrx_word' id='word_1_484' title='bbox 2830 4184 2915 4231; x_wconf 88' lang='lat' dir='ltr'>ob-</span> 
     </span>
     <span class='ocr_line' id='line_1_58' title="bbox 1650 4251 2915 4308; baseline -0.005 -10"><span class='ocrx_word' id='word_1_485' title='bbox 1650 4252 1956 4300; x_wconf 78' lang='lat' dir='ltr'>servationem</span> <span class='ocrx_word' id='word_1_486' title='bbox 1978 4251 2231 4298; x_wconf 85' lang='lat' dir='ltr'>secundam</span> <span class='ocrx_word' id='word_1_487' title='bbox 2254 4262 2301 4297; x_wconf 89' lang='lat' dir='ltr'>et</span> <span class='ocrx_word' id='word_1_488' title='bbox 2322 4251 2519 4304; x_wconf 78' lang='lat' dir='ltr'>tertiam,</span> <span class='ocrx_word' id='word_1_489' title='bbox 2544 4259 2599 4295; x_wconf 91' lang='lat' dir='ltr'>ut</span> <span class='ocrx_word' id='word_1_490' title='bbox 2620 4257 2748 4308; x_wconf 80' lang='lat' dir='ltr'>patet</span> <span class='ocrx_word' id='word_1_491' title='bbox 2760 4265 2775 4306; x_wconf 73' lang='grc' dir='ltr'><strong><em>ς</em></strong></span> <span class='ocrx_word' id='word_1_492' title='bbox 2802 4261 2915 4293; x_wconf 78' lang='lat' dir='ltr'>nam</span> 
     </span>
     <span class='ocr_line' id='line_1_59' title="bbox 1648 4315 2917 4377; baseline -0.003 -15"><span class='ocrx_word' id='word_1_493' title='bbox 1648 4317 1701 4362; x_wconf 87' lang='lat' dir='ltr'>in</span> <span class='ocrx_word' id='word_1_494' title='bbox 1718 4325 1915 4377; x_wconf 88' lang='lat' dir='ltr'>utroque</span> <span class='ocrx_word' id='word_1_495' title='bbox 1930 4331 2041 4362; x_wconf 85' lang='lat' dir='ltr'>casu</span> <span class='ocrx_word' id='word_1_496' title='bbox 2058 4315 2215 4362; x_wconf 80' lang='lat' dir='ltr'>unitas</span> <span class='ocrx_word' id='word_1_497' title='bbox 2226 4323 2479 4374; x_wconf 85' lang='lat' dir='ltr'>usurpatur</span> <span class='ocrx_word' id='word_1_498' title='bbox 2494 4328 2579 4375; x_wconf 86' lang='lat' dir='ltr'>pro</span> <span class='ocrx_word' id='word_1_499' title='bbox 2604 4320 2917 4376; x_wconf 77' lang='lat' dir='ltr'>consequente</span> 
     </span>
     <span class='ocr_line' id='line_1_60' title="bbox 1646 4379 2397 4438; baseline -0.003 -12"><span class='ocrx_word' id='word_1_500' title='bbox 1646 4379 1839 4428; x_wconf 83' lang='lat' dir='ltr'>rationis</span> <span class='ocrx_word' id='word_1_501' title='bbox 1859 4381 1983 4426; x_wconf 89' lang='lat' dir='ltr'>inter</span> <span class='ocrx_word' id='word_1_502' title='bbox 2002 4380 2113 4426; x_wconf 77' lang='lat' dir='ltr'>bina</span> <span class='ocrx_word' id='word_1_503' title='bbox 2132 4388 2359 4438; x_wconf 74' lang='lat' dir='ltr'>tempora.</span> <span class='ocrx_word' id='word_1_504' title='bbox 2392 4389 2397 4394; x_wconf 85' lang='lat'>·</span> 
     </span>
    </p>

    <p class='ocr_par' dir='ltr' id='par_1_10' title="bbox 1649 4443 2911 4556">
     <span class='ocr_line' id='line_1_61' title="bbox 1712 4443 2911 4508; baseline -0.006 -15"><span class='ocrx_word' id='word_1_505' title='bbox 1712 4445 1783 4508; x_wconf 82' lang='lat'>(¹¹)</span> <span class='ocrx_word' id='word_1_506' title='bbox 1822 4448 1849 4474; x_wconf 72' lang='lat'>¹*</span> <span class='ocrx_word' id='word_1_507' title='bbox 1886 4446 2153 4506; x_wconf 77' lang='lat' dir='ltr'>Longitudo</span> <span class='ocrx_word' id='word_1_508' title='bbox 2186 4446 2444 4504; x_wconf 58' lang='lat' dir='ltr'>nodorum,</span> <span class='ocrx_word' id='word_1_509' title='bbox 2488 4457 2573 4503; x_wconf 86' lang='lat' dir='ltr'>per</span> <span class='ocrx_word' id='word_1_510' title='bbox 2616 4455 2749 4504; x_wconf 76' lang='lat' dir='ltr'>num.</span> <span class='ocrx_word' id='word_1_511' title='bbox 2802 4443 2911 4489; x_wconf 87' lang='lat'>145.</span> 
     </span>
     <span class='ocr_line' id='line_1_62' title="bbox 1649 4505 2679 4556; baseline 0 -2"><span class='ocrx_word' id='word_1_512' title='bbox 1649 4507 1853 4556; x_wconf 82' lang='lat' dir='ltr'>inventa.</span> <span class='ocrx_word' id='word_1_513' title='bbox 2130 4539 2137 4548; x_wconf 78' lang='lat'><strong>·</strong></span> <span class='ocrx_word' id='word_1_514' title='bbox 2204 4539 2215 4556; x_wconf 50' lang='grc' dir='ltr'><em>ι</em></span> <span class='ocrx_word' id='word_1_515' title='bbox 2390 4505 2395 4510; x_wconf 78' lang='grc'><em>’</em></span> <span class='ocrx_word' id='word_1_516' title='bbox 2442 4505 2449 4510; x_wconf 75' lang='grc'><strong>’</strong></span> <span class='ocrx_word' id='word_1_517' title='bbox 2674 4508 2679 4515; x_wconf 88' lang='grc'><em>“</em></span> 
     </span>
    </p>

    <p class='ocr_par' dir='ltr' id='par_1_11' title="bbox 1648 4569 2919 4695">
     <span class='ocr_line' id='line_1_63' title="bbox 1715 4569 2919 4636; baseline -0.005 -16"><span class='ocrx_word' id='word_1_518' title='bbox 1715 4571 1782 4636; x_wconf 88' lang='lat'>(0)</span> <span class='ocrx_word' id='word_1_519' title='bbox 1810 4576 1835 4602; x_wconf 76' lang='lat'>⁴¹¹</span> <span class='ocrx_word' id='word_1_520' title='bbox 1863 4573 1933 4619; x_wconf 84' lang='lat' dir='ltr'>Et</span> <span class='ocrx_word' id='word_1_521' title='bbox 1954 4569 2302 4636; x_wconf 42' lang='lat' dir='ltr'>ejusdem&#39;*·aq·c3ae</span> <span class='ocrx_word' id='word_1_522' title='bbox 2324 4574 2445 4621; x_wconf 66' lang='grc' dir='ltr'>ἀπα.</span> <span class='ocrx_word' id='word_1_523' title='bbox 2517 4569 2761 4616; x_wconf 82' lang='lat' dir='ltr'>Harumce</span> <span class='ocrx_word' id='word_1_524' title='bbox 2789 4583 2919 4614; x_wconf 61' lang='lat' dir='ltr'>area.-</span> 
     </span>
     <span class='ocr_line' id='line_1_64' title="bbox 1648 4631 2919 4695; baseline -0.003 -13"><span class='ocrx_word' id='word_1_525' title='bbox 1648 4651 1757 4695; x_wconf 84' lang='lat' dir='ltr'>rum</span> <span class='ocrx_word' id='word_1_526' title='bbox 1806 4635 1928 4681; x_wconf 84' lang='lat' dir='ltr'>inter</span> <span class='ocrx_word' id='word_1_527' title='bbox 1971 4646 2063 4682; x_wconf 87' lang='lat' dir='ltr'>tres</span> <span class='ocrx_word' id='word_1_528' title='bbox 2084 4635 2426 4682; x_wconf 79' lang='lat' dir='ltr'>observationes</span> <span class='ocrx_word' id='word_1_529' title='bbox 2467 4631 2609 4682; x_wconf 80' lang='lat' dir='ltr'>radiis</span> <span class='ocrx_word' id='word_1_530' title='bbox 2650 4631 2711 4679; x_wconf 82' lang='lat' dir='ltr'>ad</span> <span class='ocrx_word' id='word_1_531' title='bbox 2758 4633 2919 4686; x_wconf 76' lang='lat' dir='ltr'>Solem</span> 
     </span>
    </p>
   </div>
   <div class='ocr_carea' id='block_1_7' title="bbox 300 4690 2913 4772">
    <p class='ocr_par' dir='ltr' id='par_1_12' title="bbox 300 4690 2913 4772">
     <span class='ocr_line' id='line_1_65' title="bbox 300 4690 2913 4772; baseline -0 -29"><span class='ocrx_word' id='word_1_532' title='bbox 300 4699 424 4744; x_wconf 85' lang='lat' dir='ltr'>inter</span> <span class='ocrx_word' id='word_1_533' title='bbox 465 4699 836 4746; x_wconf 74' lang='lat' dir='ltr'>observationem</span> <span class='ocrx_word' id='word_1_534' title='bbox 880 4699 1086 4760; x_wconf 82' lang='lat' dir='ltr'>primam</span> <span class='ocrx_word' id='word_1_535' title='bbox 1133 4710 1184 4748; x_wconf 84' lang='lat' dir='ltr'>et</span> <span class='ocrx_word' id='word_1_536' title='bbox 1225 4699 1480 4748; x_wconf 78' lang='lat' dir='ltr'>secundam</span> <span class='ocrx_word' id='word_1_537' title='bbox 1522 4699 1584 4746; x_wconf 82' lang='lat' dir='ltr'>ad</span> <span class='ocrx_word' id='word_1_538' title='bbox 1649 4699 1805 4748; x_wconf 87' lang='lat' dir='ltr'>ductis</span> <span class='ocrx_word' id='word_1_539' title='bbox 1825 4699 2163 4762; x_wconf 78' lang='lat' dir='ltr'>descriptarum</span> <span class='ocrx_word' id='word_1_540' title='bbox 2183 4699 2301 4749; x_wconf 81' lang='lat' dir='ltr'>ratio</span> <span class='ocrx_word' id='word_1_541' title='bbox 2322 4699 2383 4747; x_wconf 83' lang='lat' dir='ltr'>sit</span> <span class='ocrx_word' id='word_1_542' title='bbox 2401 4705 2457 4746; x_wconf 91' lang='lat' dir='ltr'>ut</span> <span class='ocrx_word' id='word_1_543' title='bbox 2476 4713 2525 4762; x_wconf 85' lang='lat' dir='ltr'>g,</span> <span class='ocrx_word' id='word_1_544' title='bbox 2543 4690 2617 4746; x_wconf 82' lang='lat' dir='ltr'>ad&#39;</span> <span class='ocrx_word' id='word_1_545' title='bbox 2632 4703 2653 4744; x_wconf 94' lang='lat'>1</span> <span class='ocrx_word' id='word_1_546' title='bbox 2672 4714 2687 4756; x_wconf 69' lang='grc' dir='ltr'><strong>ς</strong></span> <span class='ocrx_word' id='word_1_547' title='bbox 2711 4696 2913 4772; x_wconf 42' lang='grc' dir='ltr'>εἰςᾳυεξ,</span> 
     </span>
    </p>
   </div>
   <div class='ocr_carea' id='block_1_8' title="bbox 367 4784 1621 4835">
    <p class='ocr_par' dir='ltr' id='par_1_13' title="bbox 367 4784 1621 4835">
     <span class='ocr_line' id='line_1_66' title="bbox 367 4784 1621 4835; baseline 0.002 -3"><span class='ocrx_word' id='word_1_548' title='bbox 367 4784 490 4832; x_wconf 77' lang='lat' dir='ltr'>Vor..</span> <span class='ocrx_word' id='word_1_549' title='bbox 522 4785 629 4833; x_wconf 92' lang='lat'>111.</span> <span class='ocrx_word' id='word_1_550' title='bbox 661 4787 798 4835; x_wconf 59' lang='lat' dir='ltr'>Pars</span> <span class='ocrx_word' id='word_1_551' title='bbox 821 4785 896 4834; x_wconf 93' lang='lat' dir='ltr'>II.</span> <span class='ocrx_word' id='word_1_552' title='bbox 1569 4785 1621 4834; x_wconf 83' lang='lat' dir='ltr'>N</span> 
     </span>
    </p>
   </div>
  </div>
 </body>
</html>
