3384 5509
675 441 808 546 AD
855 441 1143 509 LUNAE
1189 441 1710 510 THEORIAM
1755 443 2514 514 NEWTONIANAM.
2840 474 2881 518 v

291 607 540 700 legibus
581 613 930 678 secundum
977 615 1148 700 ipsos
1195 615 1628 700 observatores·
1671 617 1796 680 sint
1843 617 2175 696 adstrictae,
2225 641 2379 684 mox
2426 622 2616 686 tradit
2664 626 2879 714 quales

287 720 678 805 aequationes
707 743 789 784 ex
819 721 943 784 suis
975 721 1225 784 calculis
1257 734 1578 810 emergant
1605 735 1670 786 et
1699 745 1989 809 quaenam
2022 723 2145 788 sint
2175 747 2389 790 earum
2417 728 2603 816 leges,

381 825 602 910 Ipsum
629 837 756 890 ta'm
787 827 1320 890 observationibus
1347 843 1492 892 ante
1521 830 1729 914 ipsum
1758 831 2071 908 institutis,
2119 853 2309 918 quam
2337 834 2874 904 observationibus

297 935 774 1003 Flamste‘dianis
825 957 1010 1000 usum
1053 957 1186 1002 esse
1231 952 1488 1017 constat,
1535 940 1666 1006 imo
1708 952 1772 1004 et
1811 939 2019 1024 ipsum
2062 942 2291 1008 exinde
2334 944 2575 1008 tabulas
2624 947 2873 1014 lunares

290 1044 411 1107 sibi
441 1044 858 1108 construxisse
885 1044 1098 1129 liquet,
1145 1067 1226 1108 ex
1263 1046 1493 1131 quibus
1519 1047 1721 1134 multa
1744 1047 1987 1131 profert
2014 1053 2278 1134 quarum
2305 1052 2605 1138 pleraque
2634 1056 2701 1116 in
2734 1058 2871 1120 Ru·
2962 1035 2967 1046 ⁸

291 1156 628 1240 delphinis,
683 1167 793 1218 aut
833 1156 900 1218 in
943 1156 1318 1221 Ludoviceis
1361 1158 1586 1224 tabulis
1633 1157 1813 1222 facile
1855 1179 1985 1221 non
2028 1161 2515 1244 comperiuntur,
2571 1165 2681 1228 sed
2728 1189 2869 1252 quae

289 1264 562 1328 maxime
611 1263 1010 1328 consentiunt
1051 1286 1198 1330 cum
1239 1267 1416 1329 novis
1450 1265 1537 1329 ill.
1573 1267 1819 1332 Cassini
1847 1267 2095 1346 tabulis,
2140 1269 2229 1332 ita
2273 1277 2342 1332 ut
2382 1293 2508 1355 quo
2534 1273 2867 1356 perfectius

289 1371 434 1435 coeli
480 1382 688 1436 motus
737 1371 1114 1458 dignoscunt
1159 1372 1518 1450 astronomi,
1569 1395 1644 1436 eo
1687 1371 1949 1457 propius
1994 1373 2080 1436 ad
2125 1373 2565 1440 Newtonianas
2594 1378 2867 1446 theorias

285 1477 582 1542 accedere
611 1476 1178 1561 deprehendantur.

375 1585 471 1652 Ut
519 1588 728 1673 itaque
778 1587 942 1652 Solis
988 1585 1248 1652 actionis
1293 1587 1361 1650 in
1409 1586 1662 1652 Lunam
1708 1599 1771 1668 et
1818 1589 1950 1674 ejus
2000 1588 2268 1651 orbitam
2316 1589 2619 1656 habeatur
2672 1595 2862 1659 ratio·
2844 1641 2862 1672 ,

281 1696 558 1780 primum
603 1697 717 1762 fiat
757 1698 1091 1763 abstractio
1134 1698 1614 1762 excentricitatis
1657 1698 1881 1761 orbit‘ae
1924 1709 2051 1762 tam
2098 1698 2379 1764 Telluris
2418 1724 2604 1787 quam
2636 1705 2859 1784 Lunae,

285 1803 772 1888 deprehenditur
823 1805 996 1892 quod
1047 1826 1132 1868 ex
1183 1805 1346 1869 Solis
1395 1805 1638 1870 actione
1687 1804 1917 1868 mensis
1963 1805 2320 1888 periodicus
2366 1807 2569 1870 Lunae
2596 1810 2863 1898 „longior

281 1913 508 1978 evadat
533 1927 596 1978 et
625 1917 758 2000 ejus
787 1917 992 1979 orbita
1021 1934 1105 1976 ex
1134 1915 1422 2004 circulari
1449 1914 1514 1976 in
1546 1913 1813 1997 ellipsim
1834 1925 2127 1990 mutetur,
2157 1915 2336 1999 cujus
2358 1937 2507 1979 axes
2528 1937 2643 2001 per
2668 1919 2859 2006 Prop.

285 2017 624 2084 XXVIII.
655 2033 802 2086 sunt
832 2021 1244 2087 determinati.

371 2124 680 2202 Secundo,
713 2137 844 2188 tam
871 2147 952 2188 ex
981 2123 1054 2189 ea
1085 2123 1286 2212 figura
1320 2146 1508 2210 quam
1529 2125 1731 2188 orbita
1754 2126 1957 2189 Lunae
1980 2125 2201 2203 induit,
2236 2147 2423 2213 quam
2451 2151 2531 2192 ex
2559 2131 2862 2196 accelera-

277 2232 449 2294 tione
509 2233 712 2296 Lunae
757 2253 874 2316 per
919 2251 1069 2294 eam.
1084 2243 1348 2316 partem
1393 2231 1653 2294 actionis
1710 2230 1873 2295 Solis
1920 2253 2063 2316 quae
2113 2233 2457 2296 secundum
2480 2246 2863 2322 tangentem

275 2338 500 2402 orbitae
541 2338 774 2400 lunaris
806 2337 1112 2424 dirigitur,
1145 2338 1420 2402 nascitur
1449 2338 1709 2402 variatio
1742 2360 1930 2423 quam
1954 2338 2181 2424 Tycho
2202 2341 2442 2423 primus
2488 2343 2855 2422 observavit,

277 2458 342 2510 et
383 2444 722 2507 maximam
750 2445 816 2506 in
845 2444 1196 2508 octantibus
1239 2445 1386 2522 41οἕ
1388 2490 1404 2506 .
1437 2444 1668 2521 statuit,
1716 2443 1888 2506 illam
1932 2444 2019 2507 ill.
2058 2445 2354 2508 Cassinus
2380 2446 2527 2510 facit
2558 2452 2681 2512 33'.
2713 2453 2859 2517 40⁹.

275 2551 343 2614 in
377 2551 720 2626 Elementis
751 2550 1192 2627 Astronomiae,
1239 2573 1378 2614 eam
1421 2549 1570 2613 vero
1600 2551 1735 2634 ipse
1765 2549 2111 2615 ‚Newtonus
2156 2553 2223 2614 in
2266 2553 2597 2637 hypothesi
2626 2558 2859 2636 orbitas

279 2661 552 2724 Telluris
582 2673 645 2724 et
675 2660 881 2724 Lunae
909 2683 1042 2724 esse
1068 2660 1401 2723 circfflares
1434 2661 1554 2724 35'.
1591 2661 1727 2723 10‘'.
1762 2659 2086 2723 calculavit
2115 2660 2307 2744 Prop.
2342 2661 2615 2726 XXIX.
2764 2737 2782 2746 ρ

365 2769 607 2845 Tertio,
642 2791 722 2831 ex
744 2767 816 2832 ea
850 2767 1010 2832 Solis
1035 2769 1277 2831 actione
1297 2769 1574 2832 nascitur
1591 2780 1799 2830 motus
1828 2769 2073 2854 apogaei
2116 2769 2349 2833 lunaris
2378 2770 2445 2832 in
2474 2793 2859 2858 consequen-0
2896 2827 2907 2840 .

273 2879 383 2956 tia,
417 2881 596 2964 cujus
623 2891 830 2941 motus
861 2878 1335 2942 fundamentum
1363 2877 1598 2942 indicat
1630 2877 1973 2940 Newtonus
2006 2877 2196 2961 Prop.
2230 2879 2445 2942 XLV.
2478 2881 2621 2944 Lib.
2657 2883 2709 2945 Ι.

361 2988 631 3067 Quarto,
677 2990 824 3054 inde
867 2985 1196 3084 deducitur
1222 3000 1428 3052 motus
1457 2987 1703 3051 medius
1730 2987 2045 3050 nodorum
2076 2987 2271 3071 Prop.
2304 2987 2612 3052 XXXII.
2638 2990 2855 3054 obser-

271 3098 622 3164 vationibus
649 3083 935 3185 proxime
962 3101 1314 3185 'congruus3
1367 3097 1584 3184 quinto
1611 3098 1902 3183 denique,
1933 3097 2351 3162 inclinationis
2380 3099 2600 3161 orbitae
2620 3100 2859 3166 lunaris

269 3209 536 3272 mutatio
565 3209 916 3300 explicatur
947 3209 1162 3292 Prop..
1180 3207 1518 3290 XXXIV.
1550 3218 1613 3270 et
1641 3205 1940 3270 XXXV.

359 3315 549 3380 Nuric
592 3317 743 3381 vero
786 3311 1162 3422 adjungatur
1197 3315 1616 3380 consideratio
1661 3314 2147 3380 excentricitatis
2190 3315 2411 3379 orbitae
2440 3316 2731 3395 TelluriS‚
2778 3317 2853 3382 ea
2942 3344 2956 3350 ·

269 3427 348 3492 fit
371 3439 444 3491 ut
471 3428 633 3492 actio
657 3428 818 3492 Solis
841 3429 1040 3511 major
1071 3428 1151 3490 sit
1180 3447 1325 3490 011111
1347 3423 1552 3489 Terra
1572 3437 1666 3488 est
1693 3425 1763 3488 in
1789 3423 2093 3509 perihelio
2118 3445 2233 3488 suo
2257 3423 2492 3510 quam
2474 3447 2541 3488 111
2569 3426 2852 3510 aphelio
2833 3471 2852 3504 ,

267 3531 420 3596 in'de
447 3534 730 3598 orientur
751 3533 1162 3598 correctiones
1185 3529 1374 3595 varioe
1393 3531 1492 3594 his
1517 3531 1807 3594 omnibus
1832 3531 2036 3594 Lunae
2058 3521 2373 3630 erroribus
2400 3531 2851 3618 adjungendae·
2831 3577 2851 3608 ,

265 3639 546 3729 primum
573 3665 720 3708 011111
759 3643 989 3706 mensis
1017 3641 1372 3726 periodic'us
1404 3643 1608 3706 Lunae
1635 3663 1751 3726 per
1781 3641 2089 3704 actionem
2120 3642 2283 3706 Solis
2314 3622 2563 3728 longior
2606 3641 2848 3718 evadat,—

267 3765 334 3815 et
379 3764 585 3816 motus
639 3753 770 3836 ejus
817 3752 1060 3817 medius
1107 3763 1430 3838 augeatur,
1479 3750 1547 3814 id
1593 3751 2049 3814 incrementum
2096 3751 2347 3834 quando
2396 3749 2604 3818 Terra·
2645 3763 2741 3813 est
2785 3751 2852 3812 in
2960 3781 2971 3792 ·

260 3847 574 3942 perihelio
603 3860 804 3943 majus
837 3871 935 3922 est
960 3855 1148 3948 quam
1179 3855 1323 3920 011111
1354 3869 1448 3920 est
1473 3858 1540 3920 in
1572 3857 1840 3940 aphelio,
1888 3857 2035 3919 hinc
2065 3880 2139 3920 ea
2166 3857 2435 3920 tardatio
2462 3857 2851 3942 inaequaliter

264 3967 333 4028 in
378 3980 622 4031 motum
653 3967 856 4031 Lunae
887 3967 1236 4043 distributa,
1285 3965 1470 4028 efficit
1498 3977 1570 4029 ut
1595 3965 1721 4028 hoc
1748 3966 2002 4028 nomine
2031 3964 2205 4027 locus
2250 3967 2381 4048 ejus
2414 3987 2530 4048 -per
2572 3965 2851 4028 medium
2900 4014 2907 4019 .

265 4089 510 4140 motum
539 4078 824 4142 inventus
870 4079 950 4142 ab
993 4079 1123 4163 ejus
1155 4099 1304 4140 vero
1333 4078 1474 4140 loco
1504 4077 1843 4154 dissentiat,
1884 4076 2033 4139 hinc
2060 4077 2269 4162 itaque
2299 4077 2463 4140 notis
2492 4079 2723 4177 nostris
2768 4078 2849 4143 ad

265 4186 514 4250 initium
549 4187 784 4252 Scholii
827 4189 908 4252 ad
951 4188 1186 4251 calcem
1217 4187 1409 4270 Prop;
1445 4186 1745 4250 XXXV.
1791 4186 2032 4270 adjecti,
2081 4187 2250 4269 quod
2292 4185 2374 4249 ad
2417 4197 2613 4249 totam
2645 4187 2849 4249 Lunoe

266 4294 576 4359 theoriam
618 4296 909 4380 pertinet,
959 4297 1412 4359 incrementum
1457 4295 1736 4358 medium
1766 4308 1971 4358 motus
2021 4295 2212 4358 medii
2260 4317 2343 4358 ex
2394 4297 2637 4358 actione
2686 4295 2850 4360 Solis

269 4415 480 4468 ortum
529 4409 931 4494 assignamuS,
983 4419 1118 4470 tum
1169 4419 1388 4490 postea
1438 4405 1752 4489 aperimus
1800 4404 2105 4466 rationem
2155 4403 2275 4489 qua
2328 4405 2595 4467 obtineri
2644 4417 2850 4488 potest
2950 4393 2957 4397 ¹

267 4515 536 4598 aequatio
583 4535 698 4584 ceu
739 4516 1042 4579 correctio
1070 4526 1278 4578 motus
1320 4515 1509 4577 medii
1539 4512 1895 4577 adhibenda
1921 4524 2180 4595 propter
2226 4511 2596 4597 inaequalem
2628 4512 2850 4576 Terrae

271 4641 310 4680 a
353 4609 499 4684 Sole
529 4619 901 4699 distantiam,
951 4645 1092 4708 quae
1121 4623 1376 4707 quidem
1405 4622 1674 4706 aequatio
1704 4621 2057 4683 continetur
2086 4621 2153 4682 in
2184 4617 2257 4682 εδ
2288 4642 2479 4704 quam
2519 4621 2604 4684 ill.
2641 4621 2851 4688 Cassi·-

271 4749 406 4806 nus‚
439 4729 623 4804 titulo
649 4732 888 4795 Primae
914 4731 1316 4816 AEquationis
1347 4732 1599 4806 Solaria
1632 4730 1841 4796 tradit.

1503 4835 1552 4882 A
1584 4841 1618 4881 3
