3384 5509
320 445 550 512 Lmen
567 445 936 526 Tra-arma]
999 441 1489 512 PRINCIPIA
1537 443 2289 512 MATHEMATICA.

2783 452 2909 511 149

410 618 521 682 Ad
553 618 614 683 A
642 620 698 683 C
724 617 1025 683 bisectam
1055 619 1126 682 in.
1151 617 1187 682 Ι
1217 619 1536 706 erigantur
1561 617 2009 703 perpendicula
2040 616 2103 679 A
2124 617 2235 694 M,
2263 616 2318 680 C
2334 616 2428 695 N,
2465 616 2501 681 Ι
2524 616 2608 695 O,
2640 627 2909 704 quorum
2968 605 2973 616 ⁸

319 729 384 794 A
416 726 496 791 M
540 738 604 791 et
648 727 706 792 C
737 727 804 791 N
847 727 972 792 sint
1013 739 1336 816 tangentes
1379 727 1780 791 latitudinum
1820 727 1888 790 in
1931 726 2364 791 observatione
2392 727 2593 812 prima
2624 727 2907 794 ac‘tertia

315 836 400 900 ad
430 835 640 900 radios
686 836 751 900 T
781 837 847 900 A
890 849 952 901 et
995 863 1028 897 r
1057 838 1135 902 C.
1221 837 1263 901 J
1265 848 1537 923 ungatur
1581 837 1659 900 M
1691 836 1759 900 N
1797 857 2011 899 secans
2042 834 2078 899 I
2113 835 2175 900 Ο
2202 835 2271 898 in
2300 835 2383 900 O.
2478 838 2907 904 Constituamr

311 943 750 1030 rectangulum
797 942 887 1006 iI
915 954 956 1004 λ
985 969 1025 1005 α
1066 957 1139 1008 ut
1183 944 1377 1028 prius.
1469 943 1548 1007 In
1598 943 1634 1006 1
1665 945 1730 1007 A
1774 941 2083 1027 producta
2128 943 2411 1028 capiatur
2461 944 2495 1009 I
2525 945 2593 1010 D
2644 947 2906 1032 aequalis

311 1155 471 1196 tamen
490 1146 596 1195 loca
621 1147 668 1196 A
690 1157 739 1196 et
759 1148 820 1206 C,
854 1146 967 1197 inde
987 1148 1188 1198 deducta
1210 1165 1306 1196 non
1327 1153 1439 1197 sunt
1459 1147 1570 1198 satis

311 1210 528 1260 accurate
550 1211 758 1270 definita,
780 1214 892 1261 hinc
912 1213 1120 1262 adhibui
1136 1215 1276 1261 debet
1296 1214 1452 1276 aliqua
1469 1227 1574 1262 cor-

311 1275 472 1324 rectio.
561 1277 791 1324 Manente
843 1277 1188 1326 constructione
1248 1276 1572 1335 Newtoniand,

307 1339 633 1400 concipiantur
653 1339 852 1390 demissa
867 1358 897 1388 a
916 1341 1112 1404 singulis
1133 1341 1403 1404 trajectoriae
1419 1357 1574 1390 come-

311 1403 418 1452 ticoe
439 1404 625 1464 punctis
654 1406 988 1465 perpendicula
1018 1405 1079 1452 ad
1109 1405 1305 1466 planum
1333 1405 1592 1466 ecliptica,

310 1467 544 1528 praedictis
565 1468 906 1528 perpendiculis
924 1469 977 1517 in
999 1470 1141 1529 plano
1154 1469 1391 1530 eclipticae,
1415 1469 1570 1532 signa-

311 1531 435 1578 bitur
452 1547 594 1578 curva
613 1534 876 1592 parabolica
898 1535 941 1580 A
965 1533 1009 1580 B
1033 1534 1089 1588 C,
1105 1535 1242 1598 cujus
1254 1534 1508 1581 umbilicus
1527 1535 1574 1582 S.

313 1595 482 1657 Hujus
501 1593 636 1642 art-fis
661 1597 706 1642 A
736 1596 778 1643 B
807 1598 864 1654 C,
897 1599 1036 1644 rectis
1058 1598 1193 1654 T‘A,
1228 1599 1274 1645 Τ
1300 1598 1340 1646 C
1361 1612 1573 1658 compre-

310 1659 443 1705 loensi
466 1660 639 1706 chorda
661 1670 730 1707 est
747 1660 1107 1722 quamproxime
1139 1669 1264 1708 recta
1298 1662 1339 1709 C
1367 1663 1431 1718 A,
1465 1676 1575 1742 ‹iu-m

223 1792 230 1799 ⁹
313 1721 530 1770 bifariam
553 1721 776 1772 dividitur
795 1725 846 1771 in
870 1725 916 1784 1,
942 1727 1022 1789 (ex
1043 1724 1198 1788 dem.)
1252 1726 1368 1775 Jam
1389 1740 1500 1774 vero
1519 1739 1573 1772 m

1221 4005 1272 4099 ξ

311 4196 536 4258 praedicto
573 4211 684 4244 arcu
719 4205 962 4257 sumptum
997 4204 1066 4242 est
1102 4202 1334 4254 punctum
1372 4193 1430 4249 B,
1470 4205 1568 4239 non

312 4261 478 4322 procul
514 4276 544 4306 a
583 4259 753 4308 vertice
789 4259 1021 4323 segmenti
1060 4259 1107 4306 A
1131 4259 1174 4306 B
1201 4259 1257 4314 C,
1291 4272 1403 4303 nam
1435 4265 1571 4316 capta

311 4334 426 4371 sunt
445 4324 535 4371 tria
566 4324 936 4372 observationum
968 4331 1177 4383 tempora
1199 4321 1454 4383 aequalibus
1473 4317 1573 4366 fere

313 4387 570 4436 intervallis
603 4391 662 4436 ab
699 4388 896 4434 invicem
940 4386 1170 4440 distantia,
1214 4386 1282 4432 ita
1313 4393 1470 4432 tamen
1514 4392 1573 4431 ut

312 4461 500 4513 tempus
520 4452 580 4498 sit
600 4450 742 4512 paulo
757 4451 910 4513 majus
926 4451 1006 4498 ubi
1022 4461 1204 4497 cometa
1219 4447 1397 4496 tardius
1411 4462 1572 4494 move-

313 4526 406 4564 tur.
478 4516 710 4562 Praeterea
730 4516 873 4562 ducta
892 4523 963 4561 est
983 4522 1108 4560 recta
1127 4513 1188 4560 ad
1215 4513 1254 4560 C
1281 4514 1328 4560 A
1350 4511 1572 4572 parallela

313 4594 593 4626 concurrens
622 4580 674 4625 in
704 4579 723 4625 i
752 4594 863 4626 cum
884 4575 1081 4623 normali
1113 4575 1267 4624 erecta
1285 4591 1316 4624 a
1335 4585 1510 4634 puncto
1541 4577 1569 4624 1

315 4642 376 4689 ad
397 4653 568 4690 rectam
594 4643 635 4690 C
662 4643 724 4699 A,
750 4643 1009 4704 junctaque
1041 4649 1109 4686 est
1135 4656 1296 4687 secans
1319 4641 1353 4689 S
1373 4639 1406 4697 i,
1439 4653 1569 4686 com-

315 4706 588 4768 pletumque
623 4706 1110 4768 parallelogrammum
1143 4704 1162 4750 i
1203 4704 1229 4750 Ι
1261 4715 1295 4752 λ.
1325 4723 1381 4763 μ.
1443 4703 1572 4757 Quin

281 4786 300 4808 ο
317 4769 426 4818 νει-ὀ
447 4779 659 4828 respectu
679 4771 920 4818 immensae
945 4768 1065 4818 Solis
1084 4767 1328 4828 distantiae,
1341 4767 1572 4816 evanescit

1637 1147 1855 1196 distantia
1887 1157 2169 1210 punctorum
2204 1149 2250 1207 1,
2290 1166 2363 1211 3⁴3
2410 1149 2500 1200 erit
2540 1171 2573 1198 οι
2606 1149 2707 1198 fere
2741 1159 2899 1198 vertex

1637 1212 1869 1276 segmenti
1895 1213 1943 1260 A
1970 1214 2013 1260 Β
2042 1213 2098 1260 C.
2167 1213 2413 1275 Jungatnr
2438 1236 2477 1277 μ
2501 1214 2549 1272 S,
2582 1230 2742 1262 secans
2762 1216 2899 1261 chor-

1636 1276 1821 1323 damA
1847 1277 1962 1326 Cin
1985 1277 2047 1331 Y,
2081 1276 2171 1324 erit
2200 1278 2324 1338 μΥ,
2356 1278 2803 1339 ἲετοριιῐιιὶῐεῐιιίλ,
2836 1280 2900 1326 ob

1624 1339 1913 1388 ‘immensam
1948 1341 2113 1402 puncti
2156 1341 2189 1389 S
2226 1339 2508 1400 distantiam,
2545 1340 2744 1404 ide6que
2776 1353 2810 1389 λ
2828 1339 2897 1397 Y,

1635 1403 1987 1466 aequalisrectoe
2021 1404 2112 1466 ip,
2151 1419 2207 1452 ac
2237 1404 2500 1464 proindeet
2526 1406 2731 1465 ipsila.
2804 1406 2897 1452 Sed

1637 1469 1722 1532 (ex
1756 1467 1955 1530 constr.)
1993 1467 2022 1515 1
2056 1486 2086 1516 e
2117 1477 2305 1528 sumpta
2336 1478 2408 1516 est
2439 1469 2578 1529 tripla
2612 1468 2759 1528 ipsius
2782 1469 2812 1516 I
2844 1480 2892 1527 λ,

1637 1530 1784 1642 ψ
1895 1532 2035 1643 a?
2057 1531 2421 1653 {wem
2438 1596 2891 1654 s,

1635 1609 2017 1721 ἒυῗᾳὲξέιῖἓωι·
2037 1614 2097 1714 in
2122 1598 2268 1706 ’L{m.
2292 1611 2539 1707 ‘VHLPid
2570 1669 2655 1718 est,
2688 1660 2738 1706 in
2769 1661 2895 1707 recta

1634 1741 1664 1771 e
1687 1724 1738 1781 S,
1771 1723 1997 1784 producta
2015 1737 2175 1770 versus
2198 1723 2244 1778 S,
2277 1723 2504 1783 reperitur
2535 1733 2763 1784 punctum
2792 1725 2832 1782 ξ,
2864 1739 2895 1772 a

1583 1829 1604 1852 ,
1633 1802 1732 1849 quo
1752 1787 1893 1834 ducta
1911 1783 2089 1849 quavis
2109 1795 2233 1834 recta
2254 1786 2475 1834 chordam
2500 1788 2547 1835 A
2574 1788 2615 1835 C
2638 1802 2894 1849 arcumque

1637 1851 1681 1898 C
1708 1851 1753 1898 B
1780 1852 1825 1898 A
1859 1865 2033 1906 secans,
2064 1849 2285 1898 chordam
2312 1859 2437 1898 secat
2456 1850 2505 1897 in
2528 1859 2768 1912 segmenta
2786 1866 2893 1912 quae

1634 1914 1832 1962 eandem
1854 1914 2023 1962 habent
2043 1914 2272 1962 rationem
2292 1928 2401 1960 cum
2423 1915 2709 1976 temporibus
2721 1914 2896 1977 quibus-

1632 1979 1965 2038 respondentes
1984 1993 2118 2025 arcus
2138 1994 2168 2024 a
2188 1975 2370 2024 cometa
2389 1978 2726 2026 describuntur.
2799 1979 2893 2026 Sed

1635 2043 2171 2106 (exconstr.)et=5
2198 2041 2364 2106 Se-l-
2389 2039 2764 2089 Siaetiass
2790 2042 2889 2102 Ιμ,

1520 2097 1526 2102 ’
1603 2137 1608 2142 -
1633 2115 1746 2153 sunt
1766 2106 1891 2152 enim
1914 2115 2051 2153 rectae
2070 2105 2087 2152 i
2103 2116 2152 2162 λ,
2179 2105 2208 2152 Ῑ
2224 2125 2259 2166 μ
2276 2104 2489 2152 diametri
2510 2105 2719 2168 eJusdem
2740 2105 2893 2164 paral-

1631 2168 1926 2232 lelogrammi
1946 2168 2217 2231 rectanguli,
2240 2168 2352 2216 binc
2372 2169 2437 2228 οξ
2451 2187 2520 2214 =
2538 2176 2569 2217 8
2582 2189 2611 2216 e
2625 2169 2659 2216 S
2672 2169 2779 2234 «1-3
2799 2168 2824 2216 I
2840 2190 2893 2230 μ.

1635 2232 1801 2288 Quare
1824 2232 1984 2296 (140.)
2008 2242 2235 2293 punctum
2257 2233 2297 2292 ξ,
2318 2231 2461 2292 supra
2481 2233 2739 2288 inventum,
2772 2233 2893 2280 illud

1630 2305 1704 2344 est
1723 2311 1781 2345 ex
1802 2312 1899 2360 quo
1916 2299 2057 2344 ducta
2076 2307 2333 2359 utcumque
2353 2306 2478 2344 recta
2491 2295 2658 2343 dividit
2670 2296 2891 2344 chordam

1637 2361 1678 2407 C
1704 2361 1753 2408 A
1787 2362 1838 2407 in
1870 2361 2050 2408 ratione
2085 2370 2351 2421 temporum
2381 2360 2550 2422 quibus
2580 2360 2704 2408 binae

1630 2424 1769 2471 ιιι-οὓς
1803 2425 1849 2471 A
1876 2427 1918 2472 C
1955 2426 2015 2472 ab
2045 2421 2211 2470 eadem
2241 2423 2367 2470 recti
2395 2422 2623 2484 producta
2643 2433 2827 2479 notatae,
2861 2440 2893 2472 a

1629 2487 1813 2534 cometa
1843 2487 2179 2535 describuntur.
2252 2485 2425 2534 Deleta
2455 2487 2613 2550 igitur,
2651 2487 2711 2534 ad
2741 2487 2889 2534 vitan-

1631 2549 1743 2598 dam
1774 2551 2113 2608 confusionem,
2144 2551 2297 2611 priore
2330 2551 2375 2598 B
2396 2551 2448 2598 <E
2482 2566 2640 2598 versus
2664 2551 2698 2598 S
2730 2549 2889 2610 ducta,

1631 2624 1735 2662 acta
1766 2625 1837 2662 ent
1872 2629 1995 2662 nova
2027 2629 2185 2662 versus
2210 2617 2251 2673 ξ,
2278 2629 2384 2677 quae
2416 2622 2486 2662 est
2515 2614 2576 2661 ad
2608 2617 2806 2676 priorem
2835 2623 2893 2664 ut

1629 2677 1909 2742 quadratum
1952 2678 2099 2740 ipsius
2144 2679 2178 2727 S
2216 2679 2275 2734 B,
2320 2677 2383 2726 ad
2421 2677 2703 2744 quadratum
2743 2677 2891 2739 ipsius

1632 2747 2817 2870 Sffi†}i2,liocestpropteraequalesi2‚1
2850 2802 2889 2844 μ

1628 2921 1690 2970 aa
1722 2923 2001 2988 quadramm
2031 2926 2177 2988 ipsius
2216 2925 2312 2989 sp
2343 2925 2410 2990 -ι-
2440 2889 2892 3012 {musaea

1629 3028 1985 3088 quamproxime
2016 3029 2208 3093 aequalis
2241 3028 2332 3090 ipsi
2378 3030 2413 3077 S
2442 3049 2499 3092 (a,
2570 3024 2731 3082 Quare
2767 3039 2890 3073 nova

1633 3091 1678 3138 B
1706 3091 1769 3148 E,
1802 3102 1870 3139 est
1890 3092 1951 3139 ad
1972 3095 2171 3153 priorem
2206 3093 2250 3140 Β
2276 3094 2339 3148 Ε,
2371 3103 2427 3140 ut
2450 3093 2485 3139 S
2503 3112 2542 3154 μ
2563 3094 2601 3146 ²,
2624 3089 2687 3137 ad
2710 3090 2745 3137 S
2768 3090 2819 3138 N
2842 3092 2883 3144 ²,

1628 3154 1781 3214 posita
1812 3176 1850 3215 μ.
1886 3157 1935 3203 N
1972 3157 2139 3205 triente
2174 3156 2321 3216 ipsius
2359 3155 2387 3204 1
2407 3177 2461 3220 μ,
2500 3155 2597 3202 sive
2625 3154 2641 3200 i
2671 3164 2720 3211 λ,
2753 3161 2809 3200 ut
2835 3153 2887 3200 in

1627 3228 1799 3265 constr.
1833 3219 1969 3267 Lem.
2002 3221 2068 3266 X.
2141 3219 2328 3267 Deinde
2358 3219 2559 3283 gravitas
2590 3217 2887 3268 acceleratrix

1627 3295 1787 3328 versus
1812 3283 1968 3329 Solem
1989 3284 2037 3329 in
2060 3285 2163 3330 loco
2187 3283 2251 3339 N,
2276 3291 2347 3330 est
2366 3283 2427 3330 ad
2456 3282 2731 3346 gravitatem
2752 3295 2885 3328 acce-

1627 3345 1885 3392 lerati-icem
1923 3361 2081 3393 versus
2116 3346 2319 3393 eundem
2356 3347 2407 3393 in
2436 3346 2540 3395 loco
2565 3346 2626 3402 B,
2658 3344 2733 3404 vel
2753 3364 2806 3405 μ,
2828 3353 2887 3393 ut

1629 3409 1667 3456 S
1691 3411 1735 3456 Β
1759 3411 1783 3438 ²
1805 3410 1877 3456 vel
1902 3411 1937 3456 S
1955 3432 1994 3471 μ
2012 3413 2039 3440 ²
2060 3410 2121 3457 ad
2137 3411 2178 3457 ‘S
2202 3411 2251 3457 N
2272 3413 2311 3456 ².
2386 3408 2618 3458 Praeterea
2638 3409 2887 3470 gravitates
2964 3407 2971 3412 ’

1627 3474 1968 3522 acceleratrices
1987 3489 2145 3521 versus
2169 3473 2326 3522 Solem
2357 3474 2409 3520 in
2428 3473 2658 3522 distantiis
2678 3471 2883 3530 diversis,

1625 3539 1925 3585 manentibus
1954 3537 2087 3586 dictis
2109 3538 2295 3595 viribus,
2328 3545 2442 3586 sunt
2462 3549 2517 3586 ut
2546 3537 2691 3598 spatia
2716 3536 2885 3586 eodem

1625 3609 1837 3662 tempore
1868 3617 2027 3650 versus
2065 3603 2221 3650 Solem
2262 3600 2472 3650 cadendo
2508 3601 2767 3664 descripta3
2813 3609 2887 3648 est

1625 3665 1772 3726 igitur
1803 3679 1924 3714 nova
1957 3667 2002 3714 B
2026 3667 2089 3724 E,
2123 3668 2180 3713 ad
2211 3665 2413 3727 priorem
2439 3668 2482 3715 B
2508 3667 2571 3723 E,
2604 3674 2660 3714 ut
2679 3663 2885 3725 spatium

1628 3743 1787 3776 versus
1832 3730 1989 3778 Solem
2030 3730 2239 3778 cadendo
2279 3745 2421 3791 percu
2467 3745 2564 3786 um,
2601 3737 2799 3792 urgente
2834 3727 2883 3774 vi

1627 3793 1943 3842 accelerati-icc
1964 3811 2071 3858 quae
2090 3804 2227 3858 urget
2246 3793 2299 3840 in
2321 3795 2423 3842 loco
2506 3827 2521 3852 ,
2554 3795 2742 3840 semisse
2761 3793 2897 3838 tem-⁶

1689 3858 1753 3902 ris
1773 3873 1867 3919 quo
1888 3870 2069 3906 cometa
2088 3858 2301 3906 describit
2320 3873 2482 3906 arcum
2512 3855 2885 3920 longitudinibus

1703 3921 1767 3976 A.
1803 3922 1849 3969 T
1873 3923 1930 3979 C,
1964 3925 2362 3984 comprehensum,
2397 3922 2457 3970 ad
2488 3924 2689 3984 spatium
2717 3919 2884 3968 eodem

1627 3993 1839 4045 tempore
1861 4001 2016 4034 versus
2052 3987 2208 4034 Solem
2230 3987 2438 4035 cadendo
2469 3986 2769 4046 descriptum,
2802 3998 2885 4029 ur-

1629 4059 1771 4112 gente
1792 4049 1836 4096 vi
1858 4051 2173 4098 acceleratrice
2192 4066 2300 4112 quae
2320 4060 2458 4115 urget
2478 4050 2529 4097 in
2549 4050 2655 4098 loco
2679 4050 2739 4098 Β.
2791 4047 2900 4094 Sed·

1629 4113 1834 4176 aequales
1853 4125 1963 4162 sunt
1981 4114 2123 4177 hujus
2136 4115 2366 4178 analogiae
2378 4124 2723 4177 consequentes,
2741 4125 2885 4176 quare

1630 4176 2032 4238 aequantur'etiam
2044 4179 2380 4237 antecedentes,
2404 4176 2605 4241 idedque
2624 4193 2745 4228 nova
2758 4186 2886 4222 recta

1614 4242 1680 4296 „B
1708 4241 1754 4288 E
1784 4252 1995 4303 equatur
2015 4243 2163 4303 spatio
2184 4258 2213 4290 a
2242 4259 2382 4306 grave
2402 4242 2597 4290 cadente
2616 4256 2775 4290 versus
2799 4239 2887 4286 So-

1633 4305 1727 4352 lem
1743 4320 1973 4364 percurso,
1990 4307 2177 4354 semisse
2188 4308 2409 4367 temporis
2420 4314 2710 4370 quocometa
2722 4317 2887 4352 acum

1643 4373 1689 4416 A
1714 4369 1765 4420 R
1780 4369 1836 4426 C,
1852 4371 1901 4415 in
1916 4369 2127 4431 ecliptica
2143 4370 2371 4429 describit,
2388 4377 2587 4433 urgente
2600 4369 2645 4415 vi
2662 4367 2890 4416 accelera·

1634 4435 1751 4480 trice
1762 4433 2057 4482 uniformiter
2067 4433 2339 4482 continuata
2349 4451 2457 4497 quae
2473 4435 2524 4481 in
2537 4431 2755 4482 distantia
2771 4433 2804 4479 S
2820 4432 2888 4489 N,

1633 4512 1664 4545 a
1699 4497 1808 4544 Sole
1838 4497 2029 4545 obtinet.
2118 4500 2188 4545 At
2221 4498 2380 4561 (Lem.
2412 4499 2540 4559 XI.)
2573 4497 2775 4556 spatium
2806 4511 2890 4556 per

1633 4561 1763 4623 quod
1778 4575 1947 4622 corpus
1965 4561 2137 4610 decidit
2149 4577 2307 4610 versus
2326 4563 2483 4610 Solem
2498 4563 2689 4609 semisse
2708 4571 2890 4620 tempo-

1633 4627 1698 4670 ris
1717 4639 1814 4686 quo
1833 4635 2015 4673 cometa
2036 4627 2249 4674 describit
2270 4641 2430 4674 arcum
2456 4628 2502 4674 A
2531 4627 2575 4673 B
2602 4626 2660 4682 C,
2678 4624 2790 4672 cum
2810 4638 2891 4671 ur·

1634 4697 1773 4750 getur
1792 4690 1837 4735 vi
1858 4689 2173 4738 acceleratrice
2192 4690 2487 4738 uniformiter
2500 4687 2772 4738 continuata
2785 4702 2891 4750 quae

1635 4755 1686 4799 in
1719 4752 1823 4800 loco
1857 4753 1907 4801 N
1940 4755 2130 4814 obtinet,
2164 4755 2343 4815 aequale
2370 4765 2440 4803 est
2466 4765 2605 4803 rectae
2631 4774 2671 4815 μ
2694 4754 2756 4815 Y,
2787 4767 2892 4814 seg·
