3384 5509
489 415 612 474 132
1087 396 1771 466 PHILOSOPHIAE
1814 393 2361 462 NATURALIS
2424 394 2569 474 [Da
2594 393 2842 458 Mum).
2870 395 3059 460 Srsr.

484 580 570 643 sis
614 559 920 650 Decemb.
963 583 1377 657 conspectum·
1411 579 1474 635 et
1515 593 1554 634 a
1598 567 1981 632 Flamstedio
2021 566 2419 631 observatum
2462 577 2555 630 est
2584 577 2773 650 caput
2800 578 3065 630 cometae

481 684 846 768 posterioris
885 681 954 744 in
995 680 1287 745 distantia
1326 698 1554 740 novem
1595 674 1908 762 graduum
1954 696 1993 736 a
2038 673 2222 748 Sole3
2282 672 2351 735 id
2401 671 2573 756 quod
2622 670 2817 735 stellae
2860 671 3063 736 tertiae

481 788 926 879 magnitudinis
969 788 1078 851 vix
1120 806 1482 851 concessum
1524 781 1758 846 fuisset.
1847 779 2152 844 Decemb.
2188 787 2290 845 15.
2321 790 2387 843 et
2417 785 2518 848 17.
2562 779 2851 863 apparuit
2890 780 3063 844 idem

489 909 562 961 ut
603 895 779 959 stella
821 892 1019 956 tertiae
1059 888 1526 977 magnitudiniS,
1569 885 1949 950 diminutum
1974 884 2189 970 utique
2218 883 2549 968 splendore
2578 883 2841 947 nubium
2874 886 3065 969 juxta

487 1006 699 1092 Solem
717 1003 1124 1068 occidentem.
1167 997 1501 1064 Decembr.
1528 1004 1631 1060 26.
1655 995 2039 1060 velocissime²
2066 1005 2291 1072 motuS,
2316 995 2505 1081 inque
2523 996 2803 1083 perigaeo
2824 1018 3059 1082 prope-

481 1113 740 1176 modum
783 1111 1076 1186 existenS,
1123 1108 1385 1172 cedebat
1410 1106 1506 1169 ori
1537 1105 1783 1192 Pegasi,
1816 1104 2013 1168 stellae
2042 1105 2242 1170 tertiae
2266 1103 2735 1192 magnitudinis
2820 1107 2963 1171 Jan.
2996 1117 3059 1172 3.

483 1220 824 1305 apparebat
851 1217 932 1281 ut‘
951 1216 1130 1281 stella
1159 1195 1417 1300 quartae,
1463 1212 1605 1276 Jan.
1638 1221 1699 1277 9.
1728 1222 1803 1275 ut
1829 1211 2005 1274 stella
2034 1211 2285 1296 quintae,
2332 1212 2474 1276 Jan.
2512 1220 2610 1276 13.
2641 1213 2725 1275 ob
2768 1212 3069 1310 splendoj

481 1350 618 1392 rem
649 1328 853 1392 Lunae
883 1321 1216 1389 crescentis
1245 1319 1572 1404 disparuit.
1646 1318 1788 1382 Jan.
1810 1325 1914 1384 25.
1935 1319 2045 1380 vix
2072 1317 2361 1402 aequabat
2382 1318 2589 1382 stellas
2610 1319 3061 1406 magnitudinis

482 1435 782 1520 septimoe.
874 1431 944 1494 Si
973 1437 1296 1494 sumantur
1323 1425 1590 1510 aequalia
1619 1447 1657 1486 a
1682 1423 1959 1510 perigaeo
1985 1422 2134 1487 hinc
2160 1422 2309 1493 inde
2338 1435 2641 1508 tempora,
2683 1425 2891 1509 capita
2916 1449 3064 1511 quae

483 1539 870 1625 temporibus
913 1535 1036 1598 illis
1078 1535 1146 1597 in
1186 1531 1540 1618 longinquis
1569 1530 1928 1618 regionibus
1955 1528 2177 1613 posita,
2223 1529 2307 1606 ob
2334 1529 2605 1614 aequales
2633 1553 2672 1594 a
2701 1530 2905 1596 Terra
2933 1532 3063 1596 dis-

483 1651 728 1727 tantiaS,
773 1645 1093 1732 aequaliter
1131 1643 1340 1708 lucere
1381 1641 1759 1718 debuissent,
1803 1639 1871 1702 in
1911 1639 2097 1727 plaga
2146 1641 2307 1706 Solis
2349 1641 2621 1706 maxime
2659 1642 3058 1726 splenduere,

484 1783 566 1823 ex
593 1755 786 1821 altera
814 1753 1070 1842 perigaei
1099 1763 1278 1837 parte
1316 1746 1646 1814 evanuere.
1737 1746 1941 1832 Igitur
1960 1783 1968 1790 ,
1984 1768 2067 1810 ex
2106 1745 2332 1834 magna
2361 1747 2518 1812 lucis
2546 1748 2615 1810 in
2644 1761 2909 1836 utroque
2938 1751 3065 1815 situ

483 1864 849 1946 differentia,
894 1860 1285 1925 concluditur
1325 1879 1557 1944 magna
1609 1854 1774 1918 Solis
1802 1866 1881 1924 ‚et
1920 1867 2180 1920 cometae
2229 1856 2509 1920 vicinitas
2550 1859 2621 1920 in
2664 1859 2788 1922 situ
2828 1860 3060 1944 priore.

485 1975 654 2038 Nam
695 1972 808 2035 lux
833 1980 1232 2054 *cometarum
1259 1963 1562 2052 regularis
1593 1984 1729 2036 esse
1759 1960 1937 2039 solet,
1982 1973 2047 2025 et
2073 1962 2348 2025 maxima
2374 1984 2677 2047 apparere
2704 1965 2816 2028 ubi
2858 1967 3065 2052 capita

482 2082 865 2151 velocissime
909 2091 1260 2155 moventur,
1309 2088 1496 2161 atque
1542 2073 1688 2138 ideo
1740 2085 1887 2137 sunt
1942 2071 2009 2136 in
2065 2071 2389 2158 perigaeis3
2454 2073 2575 2136 nisi
2626 2073 2930 2158 quatenus
2986 2099 3063 2142 ea

481 2195 682 2278 major
711 2203 804 2256 est
831 2191 898 2253 in
924 2188 1150 2272 vicinia
1183 2186 1366 2251 Solis,
2156 2218 2161 2222 -

573 2299 771 2362 Corol.
811 2303 838 2357 1
853 2339 895 2360 ..
921 2291 1267 2377 Splendent
1293 2289 1484 2376 igitur
1511 2299 1771 2352 cometae
1802 2285 1880 2372 (¹¹)
1908 2286 2049 2352 luce
2080 2284 2243 2354 Solis
2273 2309 2407 2351 ase
2436 2288 2685 2364 reflexa.

575 2391 770 2466 Corol.
797 2407 856 2462 2.
890 2397 956 2482 (¹)
987 2398 1090 2461 Ex
1112 2395 1292 2460 dictis
1315 2393 1501 2458 etiarn
1522 2393 1885 2481 intelligitur
1906 2415 2018 2456 cur
2040 2404 2297 2456 cometae
2320 2392 2643 2478 tantopere
2664 2393 3064 2480 frequentant

486 2509 804 2596 regionem
863 2506 1045 2570 Solis
1156 2504 1225 2568 Si
1276 2501 1675 2566 cernerentur
1725 2502 1793 2564 in
1837 2500 2193 2588 regionibus
2242 2502 2429 2590 longe
2479 2504 2645 2566 ultra
2677 2505 3060 2604 Saturnum,

485 2616 784 2680 deberent
813 2611 1037 2697 saepius
1069 2631 1370 2697 apparere
1395 2609 1462 2672 in
1488 2609 1768 2692 partibus
1802 2607 1933 2672 Soli
1962 2607 2279 2692 oppositis·
2374 2609 2428 2674 F
2428 2621 2609 2673 orent
2626 2611 2803 2674 'enim
2835 2610 3062 2675 Terrae

551 2785 624 2850 (ιι)
650 2788 676 2818 ο
700 2787 831 2834 Luce
864 2787 977 2834 Solis
1007 2801 1036 2831 a
1065 2799 1112 2832 se
1135 2779 1320 2847 restes-d.
1390 2781 1520 2828 Nam
1539 2795 1568 2827 a
1591 2777 1739 2826 Terra
1796 2777 2048 2835 defectum,
2087 2777 2242 2842 detegi
2274 2780 2433 2840 possit,
2466 2780 2736 2843 priusquam
2770 2780 2831 2830 ad
2861 2784 3059 2843 sphaerae

484 2848 806 2896 recedentibus
837 2848 1028 2895 cometis
1047 2857 1095 2894 et
1115 2846 1174 2893 ad
1207 2845 1366 2892 Solem
1395 2843 1736 2898 accedentibus,
1796 2843 1940 2904 hujus
1959 2843 2249 2902 superficiem
2280 2845 2553 2904 pervenerit,
2575 2846 2747 2906 juncta
2776 2857 2903 2894 recta
2938 2848 2973 2894 S
2994 2849 3059 2904 T,

485 2922 687 2974 augetur
707 2926 870 2958 eorum
886 2910 1116 2970 splendor,
1134 2908 1424 2955 decrescente
1439 2906 1548 2954 licet
1562 2905 1739 2952 diame-
1797 2905 2082 2966 producatur
2113 2907 2331 2968 utrinque
2361 2907 2509 2954 donec
2541 2908 2799 2966 superficiei
2831 2910 2945 2957 huic
2974 2925 3058 2957 oc-

485 2985 572 3031 tro,
597 2985 653 3023 ut
672 2990 730 3022 ex
751 2973 1116 3035 praecedentibus
1135 2972 1530 3024 observationibus
1549 2979 1688 3030 patet.
1798 2978 1957 3016 currat
1976 2970 2027 3015 in
2051 2970 2115 3026 A,
2140 2979 2187 3018 et
2210 2971 2265 3018 C.
2338 2971 2433 3018 Per
2457 2973 2517 3028 T,
2541 2971 2738 3018 ductum
2763 2973 3059 3036 intelligatur

578 3039 614 3070 ὓ
641 3043 666 3069 ⁴⁸
693 3043 770 3087 Ea·
793 3041 924 3086 dictis
954 3040 1095 3085 etiam
1125 3038 1406 3096 intelligitur.
1479 3033 1672 3081 Referat
1706 3033 1741 3080 S
1800 3033 1995 3092 planum
2021 3033 2076 3079 H
2101 3034 2161 3089 E,
2185 3034 2263 3080 cui
2295 3036 2515 3082 normalis
2536 3045 2605 3082 est
2624 3045 2749 3084 recta
2784 3038 2831 3083 A
2860 3038 2918 3094 C,
2951 3038 3057 3097 pla-

489 3043 661 3160 Soiem,
687 3103 747 3157 T,
769 3103 976 3158 Terram,
1000 3099 1202 3147 circulus
1228 3100 1277 3146 D
1295 3099 1340 3145 E
1357 3099 1398 3144 F
1417 3097 1488 3155 H,
1513 3098 1741 3156 sphaeram
1801 3110 1919 3143 num
1950 3096 2070 3144 illud
2097 3099 2323 3156 sphaeram
2352 3098 2527 3146 dividet
2554 3099 2605 3144 in
2626 3099 2723 3146 duo
2746 3100 3058 3161 hemispheria

485 3165 700 3214 fixarum.
754 3165 993 3220 Quoniam
1014 3173 1208 3211 cometoe
1229 3161 1474 3223 splendent
1492 3160 1599 3208 luce
1617 3160 1741 3208 Solis
1803 3175 2005 3220 quorum
2026 3175 2177 3207 unum
2201 3162 2256 3208 H
2283 3162 2324 3208 F
2346 3161 2411 3218 E,
2445 3173 2516 3210 est
2536 3177 2693 3210 versus
2718 3163 2905 3221 Solem3
2938 3165 3057 3212 alte-

485 3245 515 3278 a
535 3247 583 3278 se
603 3228 789 3286 reflexa,
816 3229 952 3293 (Cor.
977 3227 1044 3290 1·)
1079 3227 1112 3274 ii
1145 3241 1241 3274 non
1272 3225 1568 3282 videbuntur,
1601 3223 1692 3271 nisi
1713 3239 1743 3272 a
1801 3237 1911 3270 rum
1947 3221 2057 3270 vero
2095 3224 2153 3270 H-
2175 3225 2227 3272 D
2251 3225 2312 3280 E,
2355 3225 2453 3272 Soli
2490 3226 2752 3285 opponitur.
2842 3229 3054 3275 Cometae

410 3283 428 3296 ⁸
1796 3301 1962 3333 omnes
1988 3287 2041 3333 in
2072 3289 2261 3348 sphaerae
2292 3303 2532 3352 segmento
2556 3291 2599 3337 B
2626 3290 2666 3338 C
2696 3291 2756 3344 G,
2788 3291 3051 3348 existentes,

1798 3349 2080 3397 videbuntur
2099 3353 2149 3397 in
2170 3351 2492 3412 hemispherio
2513 3368 2671 3400 versus
2696 3353 2869 3410 Solem,
2888 3370 3052 3405 omnes

1796 3423 1955 3460 autem
1975 3414 2057 3476 qui
2088 3425 2326 3462 versantur
2352 3415 2402 3461 in
2422 3420 2665 3478 segrn'ento
2698 3419 2742 3465 B
2769 3419 2814 3464 A
2846 3419 2893 3465 G
2924 3418 3053 3466 vide-

1796 3479 1974 3524 buntur
2013 3478 2064 3523 in
2101 3478 2421 3539 hemisphaerio
2461 3480 2589 3542 quod
2634 3481 2732 3527 Soli
2775 3481 3042 3542 opponitur.

1801 3539 1962 3596 Quare
1976 3540 2015 3586 si
2031 3552 2323 3604 segmentum
2350 3545 2393 3591 B
2416 3545 2455 3590 C
2475 3545 2533 3599 G,
2553 3545 2705 3605 majus
2726 3545 2786 3592 sit
2804 3555 3050 3608 segmento

1798 3604 1845 3652 B
1874 3606 1921 3651 A
1950 3605 2012 3660 G,
2036 3605 2193 3664 plures
2212 3616 2404 3653 cometae
2423 3607 2703 3656 videbuntur
2716 3609 2769 3655 in
2789 3608 3051 3670 hemisphe.

1794 3668 1867 3715 rio
1886 3679 2044 3715 versus
2068 3670 2223 3716 Solem
2243 3667 2387 3732 quam
2418 3671 2466 3717 in
2500 3672 2723 3731 opposito.
2791 3673 2826 3720 J
2829 3688 2907 3718 am
2937 3671 3046 3720 νει-δ

1794 3741 1989 3778 cometae
2009 3732 2149 3779 nudis
2168 3733 2319 3780 oculis
2330 3749 2379 3780 se
2398 3733 2529 3794 prius
2548 3734 2832 3797 detegendos
2852 3751 2949 3783 non
2966 3751 3045 3784 ex-

1793 3795 1954 3842 hibent
1974 3795 2114 3858 quam
2136 3798 2229 3844 sint
2243 3798 2363 3845 Jove
2383 3800 2619 3858 propiores
2630 3817 2647 3858 ;
2670 3809 2871 3859 ponatur
2891 3801 3047 3863 itaque

1762 3920 1765 3924 ι
1797 3859 1833 3908 S
1857 3861 1922 3916 A,
1945 3859 2125 3906 circiter
2142 3861 2176 3924 ᾗ
2196 3860 2425 3909 distantiae
2458 3863 2629 3909 Martis
2656 3877 2686 3908 a
2712 3864 2833 3920 Sole,
2866 3865 2955 3910 hoc
2976 3873 3046 3910 est

1801 3923 1837 3968 S
1857 3925 1902 3970 A
1926 3923 1985 3969 sit
2004 3924 2184 3982 circiter
2198 3924 2345 3985 dupla
2358 3926 2503 3986 ipsius
2519 3927 2551 3973 S
2570 3926 2630 3984 T,
2648 3927 2737 3972 erit
2748 3937 3041 3989 segmentum

1797 3986 1842 4034 Β
1880 3987 1926 4034 G
1964 3987 2003 4034 C
2038 3988 2284 4048 plusquam
2320 3989 2581 4050 quadruplo
2615 3991 2767 4052 majus
2803 4001 3051 4053 segmento

1795 4050 1842 4098 B
1868 4051 1915 4096 A
1935 4051 1996 4106 G,
2020 4048 2219 4113 ideoque
2238 4053 2501 4114 quadruplo
2520 4052 2592 4098 vel
2614 4054 2866 4114 quintuplo
2885 4054 3042 4114 plures

1181 4165 1185 4171 Ι
1794 4127 1987 4161 cometae
2007 4114 2281 4177 detegentur
2301 4117 2351 4161 in
2372 4117 2682 4176 hemispherio
2704 4132 2860 4164 versus
2886 4119 3041 4164 Solem

487 4180 596 4228 Sole
615 4178 682 4228 ita
701 4178 992 4228 illustrentur
1011 4185 1066 4226 ut
1085 4177 1213 4226 oculi
1233 4179 1377 4226 nostri
1397 4177 1485 4226 hac
1505 4178 1610 4227 luce
1631 4193 1731 4226 mo·
1796 4177 1939 4239 quam
1970 4178 2019 4224 in
2055 4180 2363 4240 hemispherio
2393 4182 2615 4241 opposito.
2691 4181 2761 4229 At
2780 4183 2818 4227 si
2851 4191 3043 4228 cometae

482 4245 579 4291 veri
599 4245 792 4304 possint.
861 4241 1093 4290 Praeterea
1113 4256 1306 4290 corneae
1325 4259 1408 4303 per
1429 4242 1598 4290 caudas
1629 4257 1737 4290 aas
1792 4236 2087 4289 cernerentur
2108 4243 2161 4288 in'
2178 4244 2445 4306 regionibus
2465 4243 2605 4306 longe
2624 4245 2747 4292 ultra
2772 4245 3039 4302 Saturnum,

483 4307 688 4358 maxime
718 4307 842 4353 fiunt
871 4307 1124 4366 conspicui,
1159 4309 1244 4353 has
1271 4318 1428 4353 autem
1449 4306 1620 4354 caudas
1639 4321 1737 4353 non
1792 4305 1912 4352 foret
1934 4307 1968 4352 S
1986 4308 2048 4362 A,
2070 4305 2210 4368 longe
2230 4309 2379 4370 major
2396 4307 2537 4370 quam
2566 4309 2599 4354 S
2614 4309 2672 4365 T,
2695 4318 2743 4356 et
2762 4307 2869 4356 ideo
2890 4323 3040 4356 come-

483 4372 705 4418 emittunt
724 4371 992 4432 priusquam
1014 4369 1076 4416 ad
1111 4371 1265 4418 Solem
1287 4372 1629 4432 aliquantulum
1661 4369 1736 4416 in·
1792 4377 1853 4415 tae
1873 4369 2039 4429 saepius
2060 4370 2281 4418 deberent
2300 4387 2517 4431 apparere
2540 4373 2589 4417 in
2612 4373 2818 4432 partibus
2844 4372 2941 4420 Soli
2962 4387 3041 4431 op-

482 4435 722 4488 caluerint,
761 4449 903 4494 quare
939 4443 1066 4493 patet
1099 4443 1300 4480 cometas
1335 4449 1434 4481 sese
1465 4435 1737 4494 conspicuos
1793 4433 1962 4492 positis,
1997 4435 2150 4481 forent
2170 4435 2298 4480 enim
2321 4437 2479 4482 Terroe
2498 4436 2737 4483 viciniores
2757 4439 2839 4498 qui
2868 4437 2919 4482 iu
2940 4451 3044 4498 seg-

483 4513 582 4544 non
611 4500 814 4557 praebere
846 4497 938 4542 nisi
969 4497 1032 4544 ad
1055 4497 1294 4544 definitam
1315 4497 1549 4560 quandam
1571 4513 1601 4544 a
1627 4499 1735 4544 Sole
1792 4505 1953 4543 mento
1982 4498 2023 4542 B
2055 4499 2099 4544 A
2128 4498 2191 4556 G,
2224 4508 2477 4556 versantur,
2511 4508 2701 4547 caeteros
2729 4499 2839 4548 vero
2870 4501 2921 4546 in
2941 4515 3057 4560 seg-·

484 4561 748 4608 distantiam
783 4559 1016 4608 accedant.
1107 4563 1318 4611 Ponatur
1359 4561 1514 4624 itaque
1557 4564 1737 4622 sphaera
1793 4571 1953 4607 mento
1976 4562 2018 4606 B
2044 4563 2085 4608 C
2112 4562 2174 4619 G,
2203 4563 2284 4608 Sol
2304 4562 2600 4622 interpositus
2619 4565 2896 4611 obscuraret.
2966 4564 3041 4610 Ex

489 4626 537 4672 A
565 4625 604 4670 Β
631 4625 670 4671 C
698 4625 760 4680 G,
799 4625 893 4671 Soli
915 4626 1202 4671 concentrica
1223 4625 1282 4672 ad
1303 4625 1444 4672 talem
1467 4625 1735 4672 distantiam
1794 4624 1869 4670 his
1891 4624 2165 4687 intellig-itur
2184 4641 2269 4673 cur
2286 4636 2481 4675 cometoe
2496 4627 2735 4688 tantopere
2748 4629 3041 4692 frequentant

484 4687 711 4749 descripta
731 4697 788 4736 ut
818 4687 976 4736 nullus
997 4698 1176 4736 cometa
1203 4697 1389 4750 propter
1419 4689 1737 4738 illustrationis
1791 4688 2031 4752 regionem
2056 4689 2187 4737 Solis.
