3384 5509
435 3578 439 3586 ’
521 3579 580 3616 ut
601 3568 739 3615 modi>
762 3570 894 3615 nobis
909 3568 1151 3631 detegatur
1171 3572 1326 3632 aliqua
1344 3586 1451 3631 pars
1470 3570 1761 3630 hemispherii

504 420 532 475 1
548 420 625 475 16
1103 434 1107 439 ·
1136 354 1814 479 PHILOSOPHIAE
1859 410 2402 477 NATURALIS
2465 414 2608 489 [DE
2634 410 2862 507 Mum>
2887 410 3078 475 Srsr.

501 554 687 646 situm
735 574 1076 647 oscillando
1122 604 1367 666 semper
1394 574 1656 646 redibit.
1744 583 2042 647 Attamen
2088 560 2522 657 oscillatione&
2573 581 2656 644 ob
2700 582 3074 664 parvitatem

482 688 723 751 ,virium
746 686 1109 773 agitantium
1130 698 1335 750 essent
1355 686 1542 773 longe
1562 686 1960 750 tardissimas:
1993 686 2152 750 adeo
2183 699 2255 750 ut
2281 686 2468 749 facies
2489 685 2612 762 illa,
2640 708 2780 771 quae
2804 685 3075 749 Terram

474 818 747 879 semper
794 797 1101 880 respicere
1150 796 1425 873 deberet,
1479 796 1677 880 possit
1721 792 1986 859 ‘alterum
2039 795 2208 858 orbis
2259 790 2495 857 lunaris
2541 793 2906 856 umbilicum
2959 793 3073 876 (ob

472 906 801 971 rationem
828 905 896 967 in
928 905 1119 988 Prop'.
1154 903 1381 1002 XVH.
1414 902 1687 985 allatam)
1734 904 2063 989 respicere,
2109 924 2310 990 neque
2340 902 2544 967 statim
2574 901 2799 967 abinde
2833 901 3072 966 retrahi

472 1064 479 1071 .
502 1024 565 1077 et
590 1012 657 1073 in
686 1010 951 1073 Terram
980 1009 1274 1075 converti.

1561 1186 1911 1253 LEMMA
1955 1188 2011 1253 1.

500 1358 573 1421 Si
601 1359 662 1422 A
684 1358 740 1421 P
762 1356 821 1421 E
845 1358 901 1421 P
928 1380 973 1441 p
1012 1359 1263 1422 Terram
1293 1360 1559 1442 designet
1586 1360 1968 1442 uniformiter
1995 1361 2254 1434 densam,
2286 1366 2599 1439 centroque
2630 1355 2687 1419 C
2716 1365 2776 1418 et
2793 1358 2960 1437 polis
2993 1354 3070 1430 P,

583 1488 630 1549 p
660 1475 720 1528 et
746 1477 1049 1549 aequatore
1076 1466 1139 1530 A
1159 1466 1216 1530 E
1246 1469 1603 1530 delineatam
1623 1502 1649 1540 ,ς
1690 1478 1756 1531 'et
1782 1471 1839 1531 si
1865 1477 2066 1531 centro
2097 1466 2152 1530 C
2179 1468 2358 1529 radio
2392 1467 2447 1530 C
2479 1466 2535 1529 P
2564 1465 2816 1529 describi
2845 1465 3074 1525 intelli-

500 1602 506 1606 ·
578 1584 767 1657 gatar
793 1576 1027 1655 sphaera
1062 1574 1117 1637 P
1144 1597 1184 1637 a
1209 1597 1253 1658 p
1284 1596 1352 1649 e3
1396 1578 1478 1637 sit
1526 1568 1720 1663 antem
1753 1574 1818 1649 Q
1851 1574 1914 1639 R
1951 1574 2232 1657 planum,
2276 1575 2374 1637 cui
2401 1584 2566 1636 recta
2593 1594 2634 1634 a
2669 1581 2874 1635 centro
2916 1570 3077 1634 Solis

581 1681 675 1751 ⁵ad
712 1690 969 1742 centrum
1008 1680 1217 1741 Terrae
1266 1682 1441 1743 ducta
1484 1682 1836 1744 normaliter
1864 1682 2089 1743 insistit
2107 1716 2131 1753 ‚·
2181 1690 2238 1743 et
2275 1680 2485 1743 Terroe
2533 1682 2714 1743 totius
2759 1678 3078 1740 exterioris

590 1785 646 1849 P
662 1808 699 1847 a
715 1808 758 1869 p
783 1786 845 1849 A
866 1786 921 1849 P
943 1807 978 1848 e
998 1807 1043 1869 p
1068 1786 1145 1862 E,
1179 1808 1311 1869 quae
1338 1789 1573 1869 sphaera
1602 1786 1774 1850 modo
1802 1786 2102 1870 descripta
2128 1790 2316 1851 altior
2344 1798 2449 1864 est,
2469 1789 2797 1869 particulae
2822 1789 3081 1869 singulae

587 1904 869 1957 conentur
883 1896 1153 1957 recedere
1170 1896 1312 1958 hinc
1340 1898 1483 1958 inde
1510 1918 1554 1956 a⁴
1567 1898 1766 1977 plano
1786 1894 1852 1973 Q
1873 1896 1954 1972 R,
1985 1898 2177 1978 sitque
2197 1905 2442 1957 conatus
2458 1896 2787 1975 particulae
2803 1892 3082 1975 cujusque

500 2048 505 2055 ·
584 2010 653 2061 nt
680 1998 929 2081 ejusdem
958 2000 1252 2062 distantia
1282 2023 1321 2062 a
1344 2004 1531 2083 plano
1550 2029 1571 2063 .-
1612 2003 1747 2063 dico
1763 1998 1988 2083 primo,
2017 2004 2177 2084 quod
2202 2010 2331 2063 tota
2346 2001 2788 2082 particularum
2819 1998 3082 2061 omnium

588 2107 655 2168 in
685 2108 1007 2188 aequatoris
1047 2108 1265 2176 circulo
1312 2105 1374 2168 A
1412 2105 1489 2181 E,
1540 2116 1712 2169 extra
1734 2106 1970 2189 globum
2000 2106 2378 2189 unifhmniter
2407 2126 2528 2187 per
2556 2115 2738 2169 totum
2768 2104 3084 2167 circuitum

592 2218 660 2277 in
690 2238 903 2278 morem
930 2218 1147 2279 annuli
1176 2218 1616 2298 dispositarum,
1646 2219 1737 2279 vis
1765 2227 1824 2280 et
1851 2218 2118 2303 efficacia
2158 2218 2246 2278 ad
2289 2216 2541 2278 Terram
2569 2216 2786 2291 circum
2810 2224 3088 2277 centrum

593 2326 717 2409 ejus
742 2329 1083 2402 rotandam,
1116 2328 1196 2390 sit
1226 2329 1311 2388 ad
1350 2337 1535 2390 totam
1552 2329 1996 2407 particularum
2025 2328 2269 2390 totidem
2301 2328 2367 2387 in
2396 2328 2721 2408 oequatoris
2735 2335 2966 2406 puncto
2993 2322 3084 2400 A,

594 2434 750 2517 quod
792 2456 834 2495 a
867 2436 1064 2515 plano
1110 2432 1176 2507 Q
1220 2432 1283 2497 R
1314 2430 1571 2495 maxime*
1600 2435 1806 2511 distat,
1859 2433 2296 2496 consistentium
2341 2432 2458 2493 vim
2501 2440 2560 2493 et
2605 2431 2948 2517 efficaciam,
2992 2428 3094 2494 ad

584 2544 852 2605 'Terram
882 2542 1175 2605 oomimili
1200 2552 1361 2607 motu
1388 2540 1675 2605 circulari
1711 2543 1928 2605 circam
1958 2550 2218 2608 centrum
2247 2536 2370 2621 ejus
2397 2536 2757 2614 movendam,
2805 2548 2875 2601 ut
2899 2558 3092 2606 unam

530 2718 533 2721 Α
578 2654 679 2713 'ad
703 2654 837 2714 duo.
910 2654 1001 2714 Et
1029 2660 1213 2714 motus
1242 2653 1354 2715 iste
1380 2653 1696 2715 circularis
1723 2650 1940 2714 circum
1969 2672 2158 2727 axem,
2191 2650 2258 2711 in
2286 2650 2573 2713 communi
2597 2651 2854 2713 sectione
2880 2670 3090 2733 aequa-

596 2759 745 2819 toris
773 2766 832 2819 et
846 2758 1032 2838 plani
1063 2755 1128 2830 Q
1161 2756 1222 2819 R
1232 2750 1556 2839 jacentem,
1576 2767 1924 2839 peragetur.

599 2926 767 2991 Nam
798 2936 1012 2990 centro
1045 2926 1111 2991 K
1138 2928 1441 2992 diametro
1474 2928 1506 2991 1
1540 2928 1598 2992 L
1627 2928 2014 2995 describatur
2041 2929 2490 2995 semi—circulus
2535 2930 2568 2993 Ι
2601 2928 2668 2993 N
2698 2929 2774 2992 L.
2866 2927 3093 2993 Dividi

510 3036 895 3122 intelligatur
925 3038 1604 3102 semi-circumferentia·
1647 3038 1680 3101 I
1715 3040 1780 3103 N
1810 3027 1867 3102 L
1912 3039 1976 3101 in
2005 3051 2212 3122 partes
2242 3038 2597 3101 innumeras
2627 3027 2918 3123 aequaleS‚
2957 3049 3021 3100 et
3051 3058 3093 3099 a

513 3145 796 3229 partibus
826 3146 1083 3233 singulis
1134 3145 1201 3209 N
1245 3146 1327 3209 ad
1355 3146 1727 3210 diametrum
1774 3148 1808 3210 I
1855 3146 1914 3211 L
1958 3146 2362 3210 demittantur
2395 3146 2564 3209 sinus
2597 3144 2664 3207 N
2695 3144 2794 3209 M.
2885 3144 2956 3229 (¹²)
3003 3144 3097 3208 Et

518 3316 591 3363 vel
613 3314 871 3365 excentrica
890 3315 1040 3377 qualis
1058 3324 1129 3363 est
1148 3314 1295 3363 orbita
1318 3316 1485 3373 Lnnae,
1519 3315 1760 3364 variabiles
1845 3318 1878 3363 b
1899 3331 1963 3373 m,
1987 3331 2069 3362 seu
2101 3315 2148 3363 K
2169 3316 2231 3371 R,
2257 3318 2444 3376 aequalis
2465 3315 2585 3363 sinui
2611 3317 2662 3363 N
2679 3316 2753 3372 M,
2771 3324 2820 3363 et
2838 3314 2904 3363 ita
2919 3315 2980 3362 de
2999 3330 3092 3362 οω-

520 3389 631 3426 sunt
666 3381 859 3441 hujusce
890 3379 1021 3427 fluidi
1052 3380 1324 3433 velocitates»,
1360 3378 1503 3442 quare
1538 3378 1681 3427 Luna
1711 3380 1759 3426 in
1845 3380 1956 3426 teris
1977 3379 2144 3443 (Prop.
2169 3380 2375 3426 XXVI.
2405 3380 2511 3426 Lib.
2537 3380 2642 3426 111.
2673 3378 2869 3440 Elem).
2930 3376 3095 3433 Quare

520 3443 684 3489 eodem
698 3444 789 3489 situ
808 3444 1051 3489 consistere
1065 3459 1159 3490 non
1174 3453 1342 3504 potest,
1360 3444 1439 3491 sed
1456 3444 1764 3491 oscillationes
1848 3444 1978 3489 sinus
1998 3458 2158 3489 omnes
2178 3452 2232 3489 ut
2258 3442 2309 3489 K
2337 3443 2398 3500 R,
2436 3443 2486 3489 K
2512 3442 2564 3498 F,
2601 3442 2802 3505 aequales
2820 3450 2958 3489 emnt
2980 3442 3093 3487 sini-

520 3507 743 3568 quasdam
762 3506 814 3551 in
834 3506 1175 3567 longitudinem
1197 3507 1400 3567 patitui-3
1419 3522 1475 3554 ex
1494 3507 1662 3568 quibus
1682 3506 1764 3553 fiet
1846 3508 1936 3553 bus
1955 3514 2010 3552 ut
2032 3506 2081 3553 N
2107 3507 2180 3561 Μ,
2209 3506 2243 3553 S
2263 3507 2326 3563 Q,
2348 3521 2402 3552 ac
2423 3505 2617 3565 proinde
2639 3521 2824 3554 summa
2842 3505 3094 3567 quadrato-

1847 3583 1955 3639 rugn
1997 3584 2057 3617 ex
2095 3568 2272 3617 sinibus
2301 3570 2520 3617 omnibus
2563 3570 2615 3617 N
2651 3570 2727 3628 M,
2771 3570 2962 3633 oequalis
3003 3569 3095 3617 eriz

522 3632 649 3695 quod
670 3632 904 3681 occultum
926 3648 1023 3679 esse
1043 3634 1174 3690 solet,
1196 3632 1337 3681 modo
1356 3644 1515 3681 autem
1536 3634 1667 3679 nobis
1683 3636 1764 3680 ab·

524 3696 773 3743 scondatur
788 3697 943 3759 aliqua
957 3713 1061 3757 pars
1077 3697 1370 3757 hemispherii
1385 3696 1511 3759 quod
1528 3697 1645 3744 solet
1666 3712 1765 3745 esse
1826 3715 1830 3720 ·

524 3760 844 3820 conspicuum,
878 3760 1019 3834 idque
1039 3761 1189 3823 magis
1220 3760 1293 3807 vel
1314 3760 1475 3807 minua
1498 3761 1651 3807 contin
1687 3776 1765 3808 ere

526 3823 663 3870 debet
682 3838 766 3883 pro
784 3824 948 3885 majori
976 3824 1049 3870 vel
1080 3824 1247 3871 minori
1268 3822 1651 3885 inaequalitate've
1667 3824 1763 3871 oci-

524 3896 677 3935 tatum
699 3886 845 3933 fluidi.
920 3886 1030 3934 Hac
1050 3888 1227 3935 ratione
1247 3888 1462 3949 explicari
1492 3888 1659 3948 poterit
1679 3901 1766 3935 cur

524 3950 707 3998 binatis
740 3950 995 3997 librationis
1036 3953 1267 4013 quantitas
1317 3951 1367 3997 in
1422 3950 1764 4013 longitudinem

526 4015 675 4077 major
696 4012 945 4077 aliquando
962 4016 1023 4063 ab
1042 4016 1315 4063 astronomis
1340 4018 1604 4063 observatur
1622 4015 1766 4077 quarn

528 4092 585 4123 ex
633 4078 773 4137 Prop.
819 4078 995 4125 XVII.
1040 4078 1148 4125 Lib.
1193 4080 1351 4139 hujus,
1393 4079 1575 4139 prodire
1617 4080 1768 4125 debet.

530 4141 709 4187 Verum
743 4150 842 4187 tota
872 4144 971 4189 haec
1000 4142 1246 4201 explicatio
1275 4142 1337 4189 ad
1364 4158 1464 4189 rem
1487 4150 1690 4189 nostram
1719 4152 1768 4190 et

532 4204 897 4252 Newtonianum
919 4216 1118 4266 systema
1138 4205 1573 4260 accommodabitur,
1604 4206 1642 4250 si
1664 4220 1768 4252 vor-

528 4271 675 4324 ticum
696 4268 803 4315 loco
818 4272 1122 4317 substituatur
1136 4270 1357 4327 attractio,
1374 4269 1770 4331 quemadmodum

530 4351 560 4380 a
580 4332 746 4379 clariss.
772 4339 779 4343 '
820 4333 1021 4380 Daniele
1046 4332 1320 4381 Bernoullio
1340 4334 1515 4380 factum
1537 4342 1617 4385 est.
1637 4334 1771 4393 cujus

532 4396 749 4443 eximiam
788 4396 1169 4443 Dissertationem
1202 4396 1261 4443 de
1301 4397 1459 4443 Fluxu
1483 4406 1530 4444 et
1566 4396 1778 4443 Refluxu.
1849 4416 2047 4449 tummoe
2069 4400 2402 4464 quadratorum
2429 4418 2485 4449 ex
2509 4401 2688 4449 sinibus
2707 4401 2926 4449 omnibus
2951 4401 3002 4449 K
3021 4400 3096 4448 Μ.

536 4460 684 4508 Maris
709 4461 823 4519 Cap.
854 4460 913 4506 II
920 4460 960 4509 L
986 4459 1197 4507 consulat
1218 4460 1375 4507 lector.
1855 4460 2085 4514 Praeterea
2102 4468 2376 4527 quadratum
2394 4466 2740 4513 semi-diametri
2768 4466 2815 4512 K
2839 4468 2902 4519 N,
2921 4466 3099 4526 aequale

600 4520 665 4580 (ἶ)
695 4528 798 4571 125·
820 4527 845 4551 ⁰
874 4526 940 4571 Et
976 4540 1157 4573 summa
1188 4528 1539 4585 quadratorum.
1612 4522 1782 4571 Divisa
1855 4538 1920 4576 est
1941 4530 2173 4590 quadratis
2194 4531 2384 4575 sinuum
2420 4530 2470 4577 K
2497 4530 2571 4587 Μ,
2601 4531 2658 4577 Μ
2684 4530 2750 4577 N.
2822 4528 2982 4585 Quare
3015 4531 3100 4591 (ob

535 4585 821 4649 intelligatur
842 4587 1349 4636 semi-circumferentia
1384 4588 1409 4635 1
1436 4590 1485 4634 N
1510 4588 1571 4643 L,
1600 4586 1651 4633 in
1672 4602 1778 4645 par·
1849 4607 2080 4640 summam
2104 4593 2432 4655 quadratorum
2468 4594 2519 4641 K
2546 4594 2620 4651 M,
2654 4594 2880 4655 aequalem
2903 4608 3103 4638 summa!

538 4649 703 4695 ticulas
726 4650 923 4710 aquales
942 4652 1211 4698 innumeras
1232 4667 1261 4696 n
1286 4655 1332 4707 b,
1360 4652 1410 4697 N
1436 4652 1496 4708 L,
1523 4651 1572 4697 N
1600 4652 1645 4705 S,
1668 4652 1700 4696 b
1721 4651 1779 4705 Β,
1851 4656 2180 4718 quadratorum
2200 4656 2248 4703 N
2267 4658 2366 4719 M,)
2387 4672 2570 4705 summa
2581 4658 2911 4720 quadratorum
2929 4671 2984 4702 ex
3000 4670 3104 4701 om-

538 4714 623 4760 διο·
638 4715 902 4775 ‘erectisque
924 4714 1103 4763 sinibus
1122 4718 1153 4763 b
1173 4716 1237 4771 R,
1263 4716 1314 4763 N
1335 4716 1409 4773 M,
1433 4717 1519 4763 ἃς.
1546 4716 1635 4763 erit
1654 4714 1786 4761 sinus
1853 4722 1991 4768 nibus
2024 4720 2398 4769 semi-diametris
2438 4723 2490 4769 K
2524 4722 2586 4778 N,
2627 4722 2772 4783 dupla
2804 4729 2874 4769 est
2905 4734 3106 4767 summae
