3384 5509
468 437 596 496 154

1075 431 1763 500 PHILOSOPHIAE
1810 435 2359 530 NATURALIS
2432 437 2577 517 [DE
2598 437 2848 502 thn.
2872 437 3063 502 SYsT.

465 602 734 689 ideoque
775 604 898 688 ipsi
945 601 1024 669 M
1056 602 1123 684 N
1165 603 1424 694 aequalis
1461 605 1668 686 fuerit,
1712 607 1767 672 si
1804 607 1999 674 modo
2040 605 2098 674 B
2144 608 2224 674 sit
2260 631 2445 674 verus
2474 585 2737 675 cometae
2775 611 2952 677 locus
2996 607 3067 674 in

465 711 658 795 plano
687 711 1010 795 eclipticae.

559 819 878 884 Caeterum
918 831 1156 904 puncta
1199 819 1279 898 B,
1324 820 1389 900 b,
1433 823 1478 898 β
1519 843 1651 887 non
1693 822 2009 909 quaelibet,
2057 824 2168 890 sed
2205 848 2355 891 vero
2383 826 2675 910 proxima
2719 829 2798 913 (¹)
2830 827 3063 914 eligere
3139 804 3154 868 j

463 924 771 990 convenit.
865 925 936 990 Si
974 925 1239 1014 angulus
1284 926 1350 990 A
1381 927 1446 1005 Q
1475 939 1522 1006 t,
1563 928 1631 991 in
1671 951 1799 1015 quo
1837 930 2169 1018 vestigium
2212 931 2383 996 orbis
2418 933 2486 996 in
2522 933 2716 1018 plano
2756 933 3061 1018 eclipticae

463 1035 846 1120 descriptum
891 1050 1059 1101 secat
1101 1049 1335 1102 rectam
1379 1051 1408 1104 t
1452 1040 1530 1117 B,
1578 1053 1811 1126 praeter
1854 1055 2115 1126 propter
2158 1042 2539 1120 innotescat3
2584 1043 2652 1106 in
2690 1043 2919 1131 angulo
2949 1043 3057 1106 illo

462 1143 750 1208 ducenda
779 1144 899 1208 erit
926 1157 1099 1210 recta
1127 1146 1394 1220 occulta·
1418 1148 1482 1213 A
1517 1147 1592 1226 C,
1639 1171 1783 1233 quae
1812 1149 1894 1212 sit
1920 1149 2002 1212 ad
2032 1150 2073 1231 ὓ
2106 1149 2168 1214 Τ
2198 1175 2231 1210 ς·
2257 1149 2325 1212 in
2355 1149 2789 1235 subduplicatfi
2819 1150 3059 1242 ratione

466 1251 513 1316 S
545 1250 611 1327 Q
640 1250 722 1314 ad
759 1251 806 1316 S
834 1262 881 1316 t.
973 1253 1061 1317 Et
1104 1253 1352 1340 agendo
1395 1256 1713 1321 rectam‘S
1743 1255 1803 1319 E
1837 1255 1915 1334 B,
1948 1257 2123 1342 eujus
2153 1277 2301 1342 pars
2346 1257 2405 1322 Ε
2440 1257 2498 1322 Β
2526 1267 2811 1344 aequetur
2849 1255 3060 1344 longi-

451 1455 778 1512 quotcumque
812 1451 853 1499 C
878 1451 950 1506 Μ,
983 1459 1160 1500 rectam
1184 1453 1235 1509 Q
1257 1453 1302 1501 B
1335 1461 1542 1502 secantes
1570 1453 1623 1501 in
1654 1453 1719 1510 Ε,

457 1520 513 1558 ut
533 1527 716 1573 semper
746 1515 807 1560 sit
839 1515 886 1562 E
914 1516 972 1564 Μ
1005 1517 1196 1578 aequalis
1231 1527 1369 1565 reetae
1405 1518 1528 1566 datae
1569 1520 1616 1566 A
1640 1519 1715 1582 H,

455 1591 600 1688 ἓξὲξ
634 1575 956 1691 iissuffavisssst
965 1582 1276 1694 133⁶&
1297 1582 1719 1710 έέὲέιὶὠῒὲοέζ

415 2990 424 2996 γ’
453 2931 624 2982 ducere
652 2943 867 2997 oporteat
897 2932 1072 2988 rectam
1111 2936 1158 2984 G
1182 2933 1251 2993 Κ,
1274 2950 1381 2998 quae
1401 2943 1604 2984 transeat
1638 2949 1722 2996 per

453 3006 686 3056 punctum
723 2999 888 3054 datum
931 3002 987 3054 C,
1027 3011 1076 3048 et
1107 2999 1298 3062 aequalis
1335 3000 1396 3046 sit
1425 3008 1565 3047 meetae
1597 2999 1721 3046 datae

459 3062 500 3108 C
526 3059 591 3116 K,
615 3073 794 3122 puncto
823 3064 862 3110 C
886 3074 1108 3126 tanquam
1131 3063 1242 3124 polo
1261 3072 1310 3110 et
1341 3062 1588 3111 intervallo
1608 3063 1721 3111 dato
1747 3095 1753 3100 -
1830 3055 1833 3062 ¹

457 3126 502 3172 A
531 3125 586 3171 H
605 3146 676 3172 =
703 3128 744 3175 C
767 3127 818 3176 K
840 3128 1124 3176 describatur
1146 3123 1362 3176 conchois
1381 3143 1490 3190 quae
1509 3133 1722 3175 occurrat

452 3201 591 3239 rectae
615 3192 654 3238 C
678 3192 740 3248 G,
765 3192 815 3239 in
843 3193 889 3243 G
912 3201 1042 3252 patet
1059 3193 1159 3259 fore
1183 3189 1237 3240 K
1257 3191 1305 3238 G
1327 3191 1558 3254 aequalem
1577 3199 1721 3238 rectae

451 3253 574 3300 datae
599 3255 641 3301 C
667 3255 734 3302 K.
803 3257 866 3312 Q.
894 3273 934 3304 e.
962 3256 996 3304 f.

517 3317 588 3382 (Υ)
615 3321 641 3348 *⁸
667 3321 852 3380 Eligere
873 3324 1098 3370 convenit.
1165 3321 1216 3368 Si
1243 3329 1412 3382 ptaeter
1435 3328 1626 3381 propter
1645 3318 1720 3366 in-

453 3391 662 3430 notescat
691 3383 897 3446 angulus
927 3399 1070 3447 quem
1101 3385 1350 3448 vestigium
1375 3385 1538 3430 orbitae
1561 3397 1719 3430 come-

451 3447 554 3494 ticae
593 3447 802 3496 continet
831 3464 940 3496 cum
970 3447 1098 3497 recta
1123 3449 1317 3497 Terram
1340 3457 1388 3495 et
1408 3457 1639 3496 cometam
1667 3447 1720 3493 in
1741 3486 1745 3491 .

449 3511 767 3558 observatione
809 3509 1016 3560 secunda
1069 3513 1402 3576 conjungente,
1457 3511 1554 3558 sive
1606 3512 1720 3558 huic

381 3617 388 3620 ,
453 3573 644 3636 aequalis
684 3576 889 3638 angulus
935 3578 982 3623 A
1019 3575 1070 3633 Q
1099 3587 1119 3624 t
1164 3577 1327 3640 (Lem.
1362 3575 1456 3624 lv.
1489 3574 1551 3622 de
1582 3574 1719 3636 con.)

449 3653 592 3700 quem
623 3640 796 3688 chorda
831 3641 880 3688 A
905 3641 946 3688 C
977 3641 1186 3690 continet
1217 3655 1329 3687 cum
1361 3637 1489 3687 rect&
1518 3648 1540 3686 t
1573 3639 1633 3695 Β,
1669 3639 1721 3685 id

451 3701 578 3765 quod
599 3704 801 3762 praestari
834 3707 1003 3765 poterit
1023 3721 1106 3766 pep-
1127 3719 1262 3752 num·
1293 3709 1399 3754 133.
1423 3712 1540 3750 tunc
1567 3717 1719 3763 pune-

451 3777 554 3812 tum
582 3766 640 3822 B,
674 3767 828 3828 prim&
849 3770 1184 3818 assumendum
1209 3770 1306 3816 'hoc
1335 3767 1479 3815 modo
1498 3767 1717 3814 determi-

452 3830 650 3878 nabitur.
724 3833 944 3880 Ducatm·
974 3843 1099 3882 recta
1141 3836 1190 3881 A
1223 3834 1280 3890 C,
1317 3833 1453 3880 rectis
1489 3831 1719 3894 positione

449 3895 571 3944 datis
597 3897 641 3943 T
666 3898 730 3954 A,
759 3896 804 3944 T
829 3897 870 3944 C
893 3899 1116 3961 utrinque
1137 3899 1484 3958 comprehensa,
1517 3905 1715 3942 rectam-

447 3974 541 4022 que
563 3969 582 4006 t
609 3962 668 4014 B,
695 3960 924 4022 positione
945 3963 1120 4020 datam,
1144 3963 1196 4008 in
1216 3961 1397 4024 angulo
1418 3960 1587 4024 aequali
1607 3960 1720 4007 dato

445 4025 500 4072 in
543 4027 594 4081 Q
629 4025 909 4072 intersecans
939 4042 1048 4088 quae
1080 4029 1140 4074 sit
1171 4026 1232 4074 ad
1267 4029 1331 4089 μ
1361 4028 1472 4086 2)(
1504 4025 1550 4073 Τ
1570 4033 1605 4082 t,
1629 4025 1719 4072 hoc

446 4117 532 4167 est,
557 4107 770 4169 proxime
791 4107 852 4154 ad
885 4090 927 4170 ἓν
962 4105 1006 4151 Τ
1039 4113 1074 4158 t,
1109 4104 1160 4151 in
1189 4102 1517 4163 subduplicatfi
1540 4101 1723 4149 ratione

450 4174 485 4220 S
506 4183 528 4220 t
547 4174 608 4224 ad
633 4174 667 4220 S
696 4175 759 4228 Q,
783 4181 830 4219 et
852 4177 1021 4234 agatur
1042 4183 1125 4229 per
1150 4169 1198 4227 S,
1221 4178 1350 4216 recta
1387 4168 1420 4215 S
1445 4167 1491 4214 E
1519 4168 1580 4224 B,
1614 4167 1721 4214 talis
1748 4178 1759 4190 ”

446 4247 503 4286 ut
523 4251 629 4298 pars
656 4239 699 4285 E
719 4238 762 4284 B
781 4252 810 4284 a
831 4235 1044 4284 cruribus
1065 4233 1228 4295 anguli
1253 4233 1299 4279 A
1320 4233 1372 4288 Q
1386 4233 1428 4282 B
1447 4233 1716 4291 intercepta,

447 4303 639 4364 aequalis
671 4301 730 4349 sit
761 4310 900 4348 rectae
931 4307 954 4346 t
977 4297 1026 4344 V
1059 4301 1195 4360 (144.
1227 4299 1364 4358 145.)
1387 4304 1619 4356 punctum
1654 4296 1715 4349 B,

445 4365 516 4412 it&
551 4367 816 4421 definitum,
857 4374 928 4411 est
963 4361 1083 4409 illud
1121 4363 1278 4422 ipsum
1312 4361 1440 4422 quod
1473 4357 1719 4406 commode

449 4431 600 4491 primii
621 4431 722 4479 vice
745 4427 961 4490 usurpari
993 4426 1166 4486 poterit
1197 4440 1284 4486 pro
1303 4425 1502 4488 vestigio
1523 4433 1720 4470 oometae

445 4496 497 4540 in
520 4495 662 4554 plano
683 4494 924 4553 ecliptieae·
996 4491 1213 4538 Ponatur
1249 4490 1310 4544 Β,
1345 4503 1444 4535 esse
1465 4487 1719 4550 vestigium

448 4569 642 4606 oometae
665 4560 714 4604 in
737 4557 880 4618 plano
902 4555 1130 4616 eclipticoe
1149 4564 1198 4600 et
1217 4568 1380 4601 arcum
1402 4553 1721 4613 parabolicum

447 4637 532 4682 per
557 4625 622 4680 A,
650 4625 706 4679 C,
747 4623 792 4669 B
826 4627 1148 4668 transeuntem
1180 4633 1280 4665 esse
1312 4617 1562 4679 vestigium
1583 4616 1719 4663 ποῦς

445 4686 732 4749 trajectoriaex
755 4685 878 4733 inter
907 4683 1278 4731 observationem
1313 4681 1514 4740 primam
1545 4689 1594 4728 et
1623 4689 1717 4726 ter-

447 4750 566 4799 tiam
599 4748 832 4812 descripti.
924 4747 1038 4798 Jam
1074 4744 1553 4816 vero-„inuhypotheei
1590 4743 1719 4809 quod

1782 1452 1987 1518 gravitas
2017 1451 2314 1502 accelerati-ix
2345 1452 2509 1501 versos
2546 1454 2704 1504 Solem
2724 1453 2891 1504 effidem
2913 1454 2972 1502 sit
3002 1454 3056 1500 in
3112 1467 3118 1472 ·

1782 1515 2001 1564 distantia
2057 1517 2263 1565 Telluris
2303 1533 2334 1565 a
2380 1514 2502 1575 Sole,
2558 1517 2699 1581 atque
2741 1519 2792 1564 in
2835 1519 3055 1566 distantia

1782 1590 1978 1628 cometae
1998 1583 2058 1629 ab
2080 1578 2259 1638 eodem,
2276 1595 2384 1644 quae
2406 1592 2475 1630 est
2494 1583 2764 1646 hypothesis
2785 1582 2975 1630 Galilaei
2994 1583 3053 1630 de

1781 1645 2021 1708 gravitate,
2042 1661 2085 1711 'a
2114 1643 2226 1694 veta
2255 1659 2353 1696 non
2380 1646 2589 1698 multum
2617 1645 2807 1707 distans,
2842 1646 3053 1709 aequales-2

1784 3671 1925 3710 erunt
1962 3663 2005 3710 B
2032 3663 2095 3719 E,
2130 3671 2153 3712 t
2175 3663 2237 3722 V,
2272 3663 2437 3725 utpote
2467 3665 2617 3726 spatia
2644 3663 2857 3714 cadendo
2890 3667 3057 3716 versfflz

1791 3726 1949 3774 Solem
1982 3727 2149 3774 eodem
2180 3737 2390 3788 tempore
2427 3745 2643 3789 percursa
2670 3745 2698 3775 a
2730 3729 2917 3778 cometa
2948 3741 2997 3779 et
3024 3749 3059 3780 a

1790 3790 1999 3847 Tellure,
2020 3807 2077 3838 ae
2098 3791 2293 3854 proinde
2314 3794 2402 3840 erit
2422 3795 2468 3840 A
2492 3792 2531 3840 C
2552 3793 2725 3840 chorda
2746 3795 3059 3854 parabolani
3090 3821 3098 3826 ’

1788 3857 1855 3916 4(
1884 3860 1914 3900 2
1935 3861 1987 3914 ><
2013 3856 2059 3902 Τ
2078 3865 2099 3903 t
2120 3855 2341 3903 chordam
2362 3856 2528 3904 circuli
2544 3857 2681 3920 cujus
2702 3868 2919 3906 centrum·
2940 3875 3059 3908 cum

1785 3919 2013 3966 umbilico
2042 3919 2275 3979 parabolae
2306 3919 2527 3968 coincidit
2548 3921 2597 3967 in
2618 3921 2950 3982 subduplicatfi
2979 3939 3059 3971 ra-

1786 3984 1915 4030 tione
1934 3991 2075 4037 tecue
2100 3983 2133 4030 S
2152 3993 2189 4040 t,
2212 3984 2275 4031 ad
2292 3993 2467 4032 rectam
2503 3984 2537 4031 S
2561 3983 2623 4042 E,
2662 3985 2800 4049 (Cor.
2827 3990 2873 4034 7.
2904 3987 3055 4048 Prop-

1789 4047 1941 4094 XVI.
1993 4046 2101 4094 Lib.
2154 4048 2225 4108 Ι.)
2318 4047 2411 4095 Sed
2452 4059 2637 4108 sumpta
2681 4058 2751 4096 est
2798 4050 2845 4096 A
2896 4051 2937 4098 C
2992 4051 3061 4099 ad

1788 4114 1855 4173 γ
1884 4117 1913 4156 2
1941 4117 1992 4168 χ
2024 4112 2069 4158 Τ
2089 4121 2109 4158 t
2130 4111 2180 4156 in
2205 4110 2531 4172 subduplicatil
2550 4113 2728 4160 ratione
2754 4113 2788 4162 S
2804 4122 2827 4160 t
2846 4113 2907 4161 ad
2934 4115 2967 4162 S
2986 4115 3057 4172 Q,

1787 4184 1835 4222 et
1862 4177 1909 4222 A
1937 4174 2773 4238 CsecatrectemtBinanguloA
2803 4177 3061 4234 Qt,sicut

1786 4241 2043 4298 oportebat,
2066 4250 2207 4302 atque
2232 4241 2275 4287 B
2296 4239 2341 4287 E
2364 4239 2557 4302 aqualis
2576 4249 2647 4288 est
2666 4241 2754 4300 ipsi
2766 4236 2797 4288 “t
2814 4243 2887 4300 V3
2910 4241 3063 4306 quare

1786 4312 1913 4350 recta
1937 4304 1983 4350 A
2002 4303 2044 4350 C
2066 4303 2245 4350 obtinet
2265 4301 2618 4365 quamproxime
2639 4320 2803 4352 omnes
2824 4307 3060 4355 conditio-

1787 4381 1873 4414 nes
1887 4367 2129 4428 requisitas
2144 4377 2201 4414 ut
2212 4369 2273 4414 sit
2286 4367 2459 4414 chorda.
2472 4367 2605 4416 arcfis
2620 4369 2701 4431 qui
2719 4379 2790 4417 est
2804 4371 3060 4434 vestigium

1788 4432 2061 4492 trajectoriae
2082 4432 2320 4478 cometicae
2339 4431 2461 4479 inter
2483 4432 2830 4497 longitudinem
2852 4435 3059 4496 primam

1792 4495 1839 4542 T
1863 4496 1927 4552 A,
1950 4505 1999 4542 et
2016 4496 2201 4542 tertiam
2223 4495 2502 4558 interceptae,
2526 4513 2581 4546 ac
2602 4497 2801 4558 proinde
2823 4509 3059 4559 punctum

1791 4556 1855 4615 B,
1879 4561 2019 4606 habet
2050 4574 2215 4606 omnes
2244 4559 2537 4608 conditiones
2560 4572 2617 4609 ut
2638 4563 2699 4609 sit
2718 4563 2933 4622 proxime
2952 4579 3060 4610 ves-

1788 4623 1961 4686 tigium
1983 4634 2177 4670 cometae
2197 4626 2250 4671 in
2271 4624 2589 4673 observatione
2610 4625 2835 4674 secunda-
2906 4627 3061 4688 Recte

1788 4687 1937 4750 igitur
1988 4687 2347 4736 determinatum
2400 4699 2471 4738 est
2521 4699 2755 4753 punctum
2810 4693 2875 4754 B,
2926 4691 3059 4756 quod

1789 4750 1943 4815 primii
1961 4750 2063 4801 vioe
2082 4767 2307 4816 usurpare
2326 4751 2449 4802 licet.

3164 255 3239 344 ts
