3384 5509
590 463 650 521 fv
1547 425 2213 526 1NTR0DUoT10

585 637 935 724 eclipticam
965 651 1147 719 secet,
1193 643 1294 706 cui
1321 663 1545 726 nempe
1590 643 1732 707 coeli
1774 642 1914 705 loco
1943 639 2360 726 respondeant
2402 643 2532 728 ejus
2562 639 2730 719 nodi,
2778 643 2885 727 qui
2924 642 2991 705 in
3032 641 3159 706 hac

583 749 918 835 hypothesi
959 752 1071 815 fixi
1113 751 1337 830 forent,
1384 765 1448 816 et
1490 775 1761 838 quonam
1798 751 2030 838 angulo
2071 753 2271 816 orbita
2304 753 2507 821 Lunae
2548 752 2708 814 foret
2736 751 3028 814 inclinata
3068 747 3159 813 ad

584 859 952 943 eclipticam,
993 860 1162 923 unde
1204 861 1499 947 quoniam
1529 884 1604 926 ea
1635 864 1955 926 inclinatio
1984 874 2273 928 constans
2321 875 2499 940 esset,
2547 861 2835 928 distantis
2869 862 3071 925 Lunoe
3114 881 3161 922 a

581 967 776 1050 plano
805 967 1103 1050 eclipticae
1131 988 1246 1050 per
1274 968 1788 1051 perpendiculum
1817 969 2189 1047 mensurata,
2222 969 2383 1032 foret
2412 992 2654 1054 semper
2681 969 3159 1054 proportionata

585 1074 890 1138 distantiae
919 1074 1418 1159 perpendiculari
1465 1076 1666 1142 Lunae
1699 1101 1735 1138 a
1764 1075 1925 1140 linea
1964 1077 2293 1153 nodorum,
2340 1077 2548 1161 itaque
2595 1099 2675 1138 ex
2718 1075 2968 1163 cognito
3010 1075 3158 1138 loco

586 1167 790 1247 [unse
823 1195 884 1246 et
912 1183 1222 1247 nodorum
1251 1184 1545 1269 cognosci
1572 1185 1804 1267 poterit
1833 1205 2104 1268 quonam
2135 1183 2251 1246 sub
2280 1183 2509 1269 angulo
2543 1184 2727 1248 Luna
2758 1183 2838 1246 ab
2866 1180 3156 1264 ecliptica

585 1293 813 1356 distare
843 1292 1126 1356 videatur
1155 1315 1235 1355 ex
1263 1291 1398 1376 ipsa
1430 1291 1670 1368 Terrt'i3
1717 1304 1780 1357 et
1818 1293 1904 1356 ad
1932 1291 2249 1377 quodnam
2274 1304 2576 1378 punctum
2606 1291 2905 1375 eclipticae
2935 1288 3159 1352 referri

585 1400 825 1463 debeat.

673 1509 741 1572 Si
769 1510 975 1595 itaque
999 1509 1203 1591 Lunae
1225 1520 1430 1572 motus
1452 1508 1606 1570 citra
1637 1507 1945 1571 actionem
1980 1505 2141 1570 Solis
2172 1505 2661 1580 considerentur,
2692 1503 2923 1567 tabulae
2954 1514 3159 1568 astro—

584 1614 846 1678 nomicae
877 1614 1122 1678 lunares
1153 1614 1290 1676 haec
1319 1614 1635 1676 continere
1663 1612 2001 1679 debebunt.
3127 1677 3131 1682 .

673 1719 906 1784 Primo.
983 1721 1308 1805 Epocham
1337 1721 1458 1784 loci
1487 1720 1689 1784 Lunae
1722 1720 1869 1783 dato
1899 1719 2109 1804 aliquo
2138 1729 2453 1802 tempore3
2496 1729 2627 1780 tum
2660 1716 3161 1782 observationem

581 1827 705 1890 loci
747 1827 991 1913 apogaei
1019 1827 1188 1912 quod
1217 1828 1416 1890 fixum
1443 1837 1739 1901 maneret,
1790 1836 1854 1888 et
1898 1824 2392 1888 observationem
2420 1822 2541 1886 loci
2568 1822 2879 1885 nodorum
2920 1823 3162 1906 pariter

583 1931 877 1996 fixorum.

672 2040 900 2102 Postea
943 2040 1262 2103 continere
1307 2037 1624 2103 debebunt
1653 2039 1930 2102 tabulam
1958 2048 2164 2102 motus
2196 2035 2407 2114 medii,
2452 2048 2587 2100 tum
2626 2036 2903 2100 tabulam
2944 2061 3160 2123 aequa-
3232 2029 3241 2042 ’

541 2175 546 2182 ’
583 2149 767 2212 tionis
821 2147 1024 2210 Lunae
1075 2145 1415 2211 secundum
1473 2147 1601 2231 ejus
1661 2146 2014 2210 distantiam
2064 2145 2335 2208 mediam
2385 2144 2463 2209 ab
2518 2165 2819 2230 apogoe03
2878 2145 3162 2220 tabulam

581 2256 928 2318 latitudinis
961 2256 1164 2319 Lunae
1210 2254 1552 2320 secundum
1595 2256 1828 2320 variam
1865 2255 2219 2318 distantiam
2248 2255 2450 2318 Lunae
2492 2277 2531 2316 a
2571 2253 2741 2318 nodo
2785 2267 2847 2318 et
2888 2255 3161 2340 denique

585 2364 862 2427 tabulam
890 2362 1266 2426 reductionis
1291 2365 1492 2428 Lunae
1521 2357 1602 2427 ad
1631 2364 1997 2448 eclipticam,
2031 2361 2373 2427 secundam
2403 2385 2540 2428 eam
2568 2363 2919 2432 distantiam
2953 2364 3161 2428 Lunae

581 2497 618 2535 a
654 2472 843 2535 nodo·

670 2578 944 2641 Possunt
984 2578 1083 2640 his
1127 2575 1294 2654 addi,
1340 2575 1553 2674 tabula
1595 2575 2027 2640 distantiarum
2065 2575 2269 2640 Lunae
2312 2597 2349 2637 a
2394 2573 2595 2638 Terra
2639 2572 2983 2638 secundum
3022 2571 3195 2658 ejus

582 2681 936 2744 distantiam
981 2682 1059 2744 ab
1103 2683 1232 2764 ejus
1261 2702 1542 2766 apogaeo,
1589 2681 1799 2742 tabula
1828 2680 2272 2744 diametrorum
2300 2681 2430 2764 ejus
2460 2680 2891 2763 apparentium
2934 2701 3159 2744 secun-

583 2787 734 2852 dum
779 2788 1060 2853 eamdem
1091 2787 1448 2850 distantiam
1494 2787 1572 2850 ab
1615 2809 1896 2874 apogaeO,
1942 2800 2005 2852 et
2044 2787 2314 2872 denique
2356 2787 2569 2850 tabula
2594 2788 2999 2874 parallaxeos
3028 2788 3159 2879 qufi

583 2893 950 2977 deprimitur
973 2895 1158 2956 Luna
1178 2903 1465 2976 respectu
1487 2895 1849 2976 spectatoris
1880 2895 1946 2956 in
1978 2894 2304 2979 superficie
2325 2893 2601 2961 Telluris
2630 2894 2934 2975 collocati,
2965 2910 3161 2982 prout

557 2998 825 3062 -diversa
854 3010 948 3062 est
976 3000 1106 3083 ejus
1137 3021 1176 3060 a
1205 2997 1406 3062 Terra
1437 2997 1747 3076 distantia,
1795 3011 1857 3063 et
1894 3012 2083 3084 prout
2122 3001 2383 3065 altitudo
2414 3023 2604 3086 supra
2632 3003 3020 3068 horizontem
3060 3016 3161 3068 est

583 3106 848 3169 diversa.

669 3213 843 3278 Talis
872 3214 1030 3277 foret
1058 3226 1190 3277 tota
1219 3214 1298 3276 de
1329 3212 1515 3279 Luna
1546 3213 1805 3293 theoria,
1839 3216 1993 3279 citra
2026 3217 2187 3306 Solis
2216 3218 2556 3292 actionem3
2604 3216 2715 3280 sed
2734 3218 2867 3301 jam
2897 3241 2935 3281 a
2961 3218 3157 3305 longo

582 3336 864 3408 tempore
923 3323 1361 3388 intellexerunt
1413 3325 1773 3401 astronomi,
1834 3324 2082 3387 lunares
2126 3337 2333 3388 motus
2377 3347 2414 3388 a
2457 3325 2661 3389 Lunae
2704 3326 2826 3388 situ
2866 3338 3159 3412 respectu

586 3431 749 3496 Solis
778 3432 1123 3515 plurimum
1165 3430 1425 3505 turbari,
1467 3430 1637 3493 unde
1672 3431 1873 3494 varias
1902 3432 2335 3508 correctioneS,
2382 3431 2508 3494 sive
2549 3433 2927 3517 aequationes
2970 3434 3157 3497 variis

580 3537 777 3601 titulis
807 3537 1180 3600 concinnare
1211 3548 1356 3599 sunt
1387 3537 1610 3599 conati.

667 3642 880 3718 Quam
907 3643 1254 3706 luculenter
1286 3665 1366 3706 ex
1394 3644 1711 3729 gravitatis
1738 3643 1998 3720 theoria,
2032 3627 2182 3708 ‘haec
2210 3667 2341 3709 non
2368 3644 2560 3708 modo
2588 3646 2994 3730 explicentur,
3041 3647 3157 3710 sed

581 3751 768 3814 etiam
787 3762 1076 3814 accurato
1095 3751 1334 3814 calculo
1351 3751 1859 3829 determinentur,
1882 3753 2307 3818 demonstrare
2330 3778 2657 3842 aggressus
2676 3767 2769 3820 est
2787 3756 3151 3833 Newtonus,

579 3869 640 3918 et
686 3879 789 3919 eas
833 3879 1048 3919 omnes
1092 3858 1469 3942 aequationes
1499 3881 1640 3945 quae
1684 3881 1767 3922 ex
1814 3860 1959 3924 Sole
1994 3859 2289 3944 pendent,
2338 3859 2587 3926 calculis
2633 3883 2715 3924 ex
2756 3861 2997 3926 theoria
3040 3861 3155 3931 sus

579 3961 862 4025 deductis
891 3964 978 4026 ita
1005 3961 1266 4028 feliciter
1309 3965 1522 4028 statuit
1548 3977 1620 4028 ut
1646 3978 1853 4028 motus
1884 3968 2088 4029 Lunae
2117 3969 2325 4050 ejusve
2366 3968 2745 4053 aequationes
2789 3991 2871 4034 ex
2912 3969 3155 4034 calculo

579 4080 844 4152 repertae
866 4071 932 4131 in
953 4069 1196 4132 minuto
1217 4071 1490 4135 secundo
1520 4083 1629 4135 aut
1647 4071 1847 4156 prope
1872 4095 2015 4136 cum
2042 4074 2118 4135 iis
2147 4096 2291 4158 quae
2318 4074 2399 4137 ab
2430 4075 2916 4138 accuratioribus
2938 4075 3155 4138 obser-

579 4179 930 4242 vationibus
961 4180 1360 4244 determinari
1381 4193 1740 4265 potuerunt,
1790 4182 2193 4260 consentiant,
2234 4183 2404 4266 quod
2427 4183 2821 4246 autoritatem
2840 4183 3153 4269 integram

578 4286 669 4348 illi
697 4288 954 4350 theoriae
977 4289 1283 4352 conciliat.
1360 4290 1600 4353 Calculi
1621 4301 1831 4351 autem
1862 4289 1969 4366 illi,
2002 4312 2119 4352 nec
2141 4289 2349 4352 faciles
2374 4303 2535 4367 sunt,
2562 4311 2681 4355 nec
2700 4290 3146 4374 compendiosi,

577 4417 693 4460 nec
721 4421 965 4482 semper
996 4399 1321 4465 commode
1353 4401 1432 4463 ad
1463 4399 1873 4485 syntheticam
1900 4399 2165 4462 sormam
2194 4400 2568 4477 reducendi3
2616 4423 2773 4484 quos
2804 4399 3149 4464 Newtonus

576 4502 696 4566 hac
717 4504 934 4567 ultima
963 4506 1202 4569 ratione
1231 4507 1448 4568 lectori
1479 4529 1593 4569 suo
1622 4507 1837 4569 sistere
1864 4508 2089 4590 potuit,
2136 4530 2242 4570 eos
2288 4508 2605 4572 enucleate
2634 4508 2842 4584 tradit,
2892 4519 3150 4572 caeteros

575 4609 822 4686 omittit,
855 4622 918 4673 et
947 4611 1116 4694 quod
1137 4633 1218 4674 ex
1239 4612 1314 4674 iis
1337 4611 1652 4674 obtinetur
1671 4611 1932 4675 strictim
1960 4614 2029 4676 in
2062 4612 2315 4676 Scholio
2336 4613 2587 4687 indicat,
2622 4623 2684 4676 et
2700 4613 2907 4696 primo
2935 4613 3149 4698 quales

575 4716 700 4777 sint
723 4714 847 4776 illae
870 4715 1250 4800 aequationes
1269 4717 1452 4801 juxta
1473 4730 1973 4790 astronomorum·
1992 4719 2454 4784 observationes
2484 4718 2653 4796 dicit,
2686 4732 2750 4782 et
2777 4720 3148 4806 quibusnam

3322 4573 3329 4834 Ἰ
