3384 5509
292 464 524 557 Lmen
556 465 921 548 Tannus]
1012 468 2282 539 PRINCIPIAMATHEMATICA.
2763 479 2840 539 17
2848 487 2886 536 ὃ

294 636 542 701 theoria*
584 640 1011 721 planetarum,⁸
1046 656 1111 708 et
1152 665 1298 707 cum
1341 642 1645 709 accuratis
1678 642 2220 708 observationibus
2252 639 2682 707 astronomicis
2710 665 2894 708 accu-

172 802 181 815 ,
287 745 427 808 rate
458 752 767 835 congruit,
800 774 929 814 non
958 764 1167 835 potest
1196 775 1326 817 non
1356 776 1491 817 esse
1518 776 1682 818 vera.

380 848 703 919 Caeterum
734 858 1155 942 trajectoriam
1184 882 1373 945 quam
1401 872 1645 925 cometa
1674 859 2024 944 descripsit,
2069 872 2134 925 et
2163 860 2434 925 caudam
2463 880 2674 925 veram
2705 846 2912 946 quam‘

291 958 557 1046 singulis
587 963 654 1024 in
681 962 838 1027 locis
866 966 1147 1050 Pro-iecit,
1192 968 1395 1037 visum
1424 981 1519 1031 est
1551 990 1801 1032 annexo
1831 968 2148 1033 schemate
2189 970 2258 1033 in
2297 970 2490 1055 plano
2519 970 2891 1055 trajectoriae

288 1068 633 1136 delineatas
679 1073 1014 1155 exhibere:
1048 1077 1172 1139 ‘ubi
1216 1077 1279 1140 A
1312 1078 1370 1142 B
1404 1078 1459 1141 C-
1490 1077 1749 1142 denotat
1778 1076 2196 1163 trajectoriam
2226 1090 2506 1156 cometae,
2556 1079 2625 1143 D
2659 1079 2890 1157 Solem,

288 1177 359 1241 D
378 1176 439 1241 E
470 1179 845 1265 trajectoriae
874 1203 1079 1261 axem,
1114 1184 1182 1249 D
1205 1183 1260 1248 F
1288 1184 1518 1251 lineam
1547 1187 1878 1263 nodorum,
1909 1186 1974 1255 G
1997 1186 2070 1249 H
2099 1186 2602 1254 intersectionem
2624 1184 2890 1273 sphaerae

279 2380 453 2457 orbls
494 2392 708 2479 magni
752 2413 895 2455 cum
936 2391 1128 2475 plano
1158 2390 1551 2475 trajectoriae,
1600 2390 1635 2455 I
1680 2390 1892 2454 locum
1927 2366 2189 2454 cometae
2219 2390 2388 2469 Nov.
2419 2403 2478 2457 4.
2511 2417 2655 2460 ann.
2692 2406 2884 2479 1680,

284 2500 352 2565 K
383 2502 596 2564 locum
618 2500 897 2585 ejusdem
928 2498 1091 2563 Nov.
1126 2507 1153 2562 1
1171 2507 1227 2562 1.
1262 2499 1320 2562 L
1348 2497 1562 2562 locum
1592 2498 1760 2562 Nov.
1785 2507 1884 2563 19.
1919 2498 1998 2563 M
2025 2497 2236 2562 locum
2265 2500 2426 2565 Dec.
2455 2509 2554 2566 12.
2590 2502 2656 2566 N
2676 2502 2886 2570 locum

280 2608 444 2673 Dec.
476 2614 582 2669 21.
622 2606 683 2670 O
713 2605 921 2669 locum
952 2604 1114 2670 Dec.
1146 2613 1250 2671 29.
1299 2604 1592 2668 P'locum
1620 2604 1762 2669 Jan.
1799 2613 1858 2669 5.
1891 2616 2168 2689 sequent.
2219 2605 2286 2681 Q
2326 2606 2537 2671 locum
2581 2609 2725 2674 Jan.
2773 2620 2878 2677 25.

284 2716 351 2780 ,R
379 2718 589 2781 locum
621 2716 771 2780 Feb.
807 2724 864 2781 5.
902 2717 948 2780 S
972 2715 1184 2779 locum
1216 2714 1369 2778 Feb.
1404 2720 1507 2778 25.
1550 2712 1615 2775 T
1645 2713 1854 2777 locum
1888 2713 2054 2777 Mar.
2090 2720 2150 2778 5.
2185 2726 2248 2777 et
2277 2714 2341 2773 V
2370 2714 2580 2781 locum
2614 2717 2780 2783 Mar.
2815 2730 2881 2795 9,

286 2824 779 2889 Observationes
808 2820 959 2887 vero
989 2831 1316 2907 sequentes
1347 2821 1414 2884 in
1445 2817 1643 2883 cauda
1676 2818 2034 2883 definienda
2066 2818 2341 2884 adhibui.

394 2933 558 2999 Nov.
596 2944 656 2997 4.
695 2944 758 2996 et
794 2941 852 2998 6.
890 2931 1100 2995 ‘cauda
1140 2929 1427 2993 nondum
1473 2928 1779 3012 apparuit.
1900 2927 2064 2991 Nov.
2117 2936 2218 2991 11.
2265 2928 2468 2992 cauda
2499 2929 2633 3014 jam
2677 2945 2882 3017 coepta

284 3058 421 3105 non
478 3042 600 3105 nisi
657 3040 975 3105 semissem
1030 3037 1264 3126 gradus
1298 3042 1309 3047 ”
1338 3036 1524 3101 unius
1588 3036 1778 3121 longa
1836 3035 1992 3098 tubo
2050 3034 2478 3119 decempedali
2526 3023 2682 3101 'visa
2738 3038 2872 3105 fuit.

280 3153 450 3219 Nov.
508 3162 607 3223 17.
684 3152 885 3217 cauda
934 3150 1167 3239 gradus
1226 3148 1494 3233 amplius
1556 3145 1913 3233 quindecim
1961 3145 2152 3241 longa
2201 3146 2514 3210 Ponthaeo
2562 3150 2875 3243 apparuit.

280 3260 447 3325 Nov.
486 3271 581 3326 18.
627 3262 827 3325 cauda
858 3266 1005 3325 302‘.
1039 3258 1251 3344 longa,
1288 3254 1543 3340 Solique
1574 3252 1811 3317 directe
1843 3252 2134 3337 opposita
2161 3253 2229 3315 in
2263 3252 2446 3317 Nova
2479 3254 2711 3341 Anglia
2742 3277 2876 3319 cer-

277 3370 569 3447 nebatur,
604 3380 667 3431 et
692 3365 1183 3452 protendebatur
1212 3385 1411 3449 usque
1440 3362 1523 3426 ad
1554 3360 1796 3425 stellam
1830 3362 1906 3439 ὅ,
1935 3382 2076 3446 quae
2104 3373 2254 3426 tunc
2283 3374 2416 3426 erat
2445 3363 2508 3425 in
2528 3372 2598 3427 ¹¹11
2620 3371 2723 3429 9⁸³.
2751 3367 2874 3429 54'.

279 3472 445 3537 Nov.
511 3484 608 3540 19.
683 3474 749 3535 in
825 3471 1167 3557 Maryland
1223 3470 1427 3534 cauda
1484 3468 1615 3531 visa
1672 3466 1790 3531 fuit
1859 3465 2092 3554 gradus
2155 3476 2255 3532 15.
2315 3468 2414 3531 vel
2481 3476 2584 3533 20.
2658 3468 2869 3557 longa.

277 3582 441 3648 Dec.
479 3592 578 3648 10.
623 3582 825 3647 cauda
867 3580 1263 3665 (observante
1295 3575 1706 3655 Flamstedio)
1751 3574 2060 3639 transibat
2099 3596 2216 3658 per
2245 3574 2523 3638 medium
2563 3576 2874 3641 distantiae

272 3689 442 3753 inter
463 3688 726 3753 caudam
754 3687 1071 3771 Serpentis
1092 3680 1415 3768 Ophiuchi
1438 3693 1501 3746 et
1534 3681 1778 3747 steHam
1808 3686 1837 3741 ὃ
1865 3680 1931 3744 in
1951 3680 2204 3766 Aquilae
2233 3682 2487 3745 australi
2517 3682 2636 3761 ala,
2671 3696 2734 3747 et
2763 3684 2872 3747 de·-

276 3798 523 3863 sinebat
549 3821 749 3885 prope
780 3796 985 3862 stellas
1014 3797 1097 3873 A,
1132 3820 1188 3872 ω,
1220 3795 1265 3858 b
1292 3794 1361 3856 in
1391 3791 1617 3856 tabulis
1648 3790 1920 3877 -Bayeri.
2013 3788 2352 3855 Terminus
2395 3791 2588 3879 igitur
2631 3804 2765 3855 erat
2805 3792 2871 3855 in

271 3911 345 3972 lt?
396 3910 582 3987 193³.
630 3928 775 3969 cum
816 3902 1145 3967 latitudine
1184 3899 1424 3973 boreali
1468 3898 1735 3963 circiter.
1841 3897 2002 3963 Dec.
2058 3905 2159 3960 11.
2206 3897 2407 3961 cauda
2450 3900 2748 3985 surgebat
2789 3900 2870 3963 ad

273 4037 476 4100 usque
505 4026 694 4098 caput
726 4013 983 4100 Sagittae
1006 4010 1285 4096 (Bayero
1304 4034 1363 4085 α,
1394 4008 1485 4087 β,)
1520 4007 1811 4071 desinens
1842 4006 1909 4069 in
1937 4012 2004 4071 ¹6²
2037 4014 2184 4073 26⁸¹.
2216 4010 2339 4075 43'.
2372 4029 2516 4072 cum
2545 4010 2874 4077 latitudine

277 4120 519 4186 boreali
547 4122 713 4185 '38⁸2
762 4121 882 4183 34'.
973 4117 1149 4182 Dec.
1186 4124 1284 4178 12.
1349 4115 1551 4179 cauda
1592 4114 1900 4179 transibat
1944 4135 2059 4199 per
2080 4115 2380 4179 'medium
2428 4116 2706 4202 Sagittae,
2754 4141 2874 4185 nec

231 4304 238 4312 .
271 4228 467 4317 longe
496 4229 660 4293 ultra
687 4226 1199 4312 protendebatur,
1233 4224 1525 4291 desinens
1555 4223 1621 4286 in
1642 4233 1710 4279 ἓν*
1735 4231 1843 4309 4·ξὶ
1876 4246 2020 4288 cum
2047 4224 2373 4289 latitudine
2400 4225 2639 4288 boreali
2669 4230 2790 4307 42}
2801 4234 2868 4309 δ”,

272 4336 537 4400 circiter.
612 4333 1031 4421 Intelligenda
1060 4344 1205 4395 sunt
1232 4330 1371 4395 haec
1402 4332 1483 4395 de
1511 4330 1904 4417 longitudine
1935 4331 2151 4395 caudae
2169 4332 2466 4395 clarioris.
2531 4332 2702 4396 Nam
2730 4334 2872 4397 luce

272 4447 659 4522 obscuriore,
712 4446 781 4508 in
832 4445 991 4509 coelo
1038 4442 1250 4508 forsan
1298 4444 1499 4530 magis
1546 4464 1788 4519 seren0,
1839 4444 2040 4507 cauda
2092 4444 2252 4507 Dec.
2299 4452 2398 4507 12.
2445 4444 2606 4510 hora
2651 4455 2710 4511 5.
2745 4449 2870 4514 40'..

280 4559 511 4622 Romae
541 4556 935 4641 (observante
966 4552 1299 4632 Ponthaeo)
1346 4569 1536 4636 supra
1577 4551 1788 4639 Cygni
1819 4534 2196 4639 uropygium
2223 4552 2303 4615 ad
2333 4552 2568 4640 gradus
2605 4563 2704 4619 10.
2737 4576 2874 4621 sese

273 4666 541 4742 extulit3
585 4676 773 4750 atque
818 4663 898 4727 ab
939 4662 1060 4727 hac
1104 4660 1283 4726 stella
1328 4662 1460 4746 ejus
1502 4661 1665 4725 latus
1710 4661 1792 4723 ad
1835 4681 2126 4727 occasum
2168 4673 2233 4725 et
2272 4662 2529 4727 boream
2571 4663 2720 4727 min.
2768 4671 2872 4733 45.

272 4772 531 4839 destitit.
622 4771 785 4835 Lata
829 4780 1037 4833 autem
1089 4779 1224 4833 erat
1274 4766 1473 4833 cauda
1516 4767 1616 4831 his
1664 4767 1886 4833 diebus
1932 4768 2166 4855 gradus
2210 4779 2270 4835 3.
2309 4771 2494 4855 juxta
2539 4772 2873 4870 terminum

1510 4874 1570 4922 M
1599 4880 1631 4922 2
1957 4884 1962 4889 '
