3384 5509
381 507 392 519 ,
469 451 592 512 126

984 543 993 551 .
1099 445 1783 526 PHILOSOPHIAE
1830 446 2381 520 NATURALIS
2420 453 2566 534 [Dn
2593 453 3046 520 Munn.SYsr;

463 619 794 708 colligitur.
842 615 849 620 ’
889 613 1090 687 Sunto
1129 633 1196 682 ‘v'
1232 623 1299 699 Q
1327 623 1412 700 A,
1459 631 1522 682 ‘v‘
1557 622 1624 698 Q
1655 623 1733 700 B,
1780 635 1847 682 ‘V’
1880 624 1947 700 Q
1978 626 2035 688 C
2078 627 2423 692 observatae
2460 639 2585 692 tres
2628 626 3051 713 longitudines

463 741 724 792 cometae
767 729 885 794 sub
927 728 1105 794 initio
1146 730 1374 808 motus,
1421 731 1622 817 sitque
1657 741 1725 788 w
1762 731 1827 806 Q
1860 732 1914 796 F
1954 731 2285 820 longitudo
2310 733 2533 798 ultimo
2562 735 2905 810 observata,
2940 735 3047 798 ubi

463 849 706 900 cometa
747 836 942 900 videri
985 837 1234 902 desinit.
1324 837 1401 923 (⁸)
1436 838 1684 924 Agatur
1725 849 1895 902 recta
1926 839 1989 916 A
2026 839 2083 904 B
2116 841 2192 920 C,
2231 841 2405 927 cujus
2433 853 2642 928 partes
2674 841 2735 904 A
2770 841 2849 918 B,
2898 841 2956 905 B
2988 842 3047 906 C

460 941 1134 1022 rectisQAetQB,
1175 942 1612 1020 QBetQC
1655 945 1849 1008 inter-

451 1049 657 1132 jectae‚
705 1048 827 1114 sint
855 1050 938 1114 ad
970 1050 1233 1115 invicem
1264 1063 1336 1115 ut
1362 1063 1645 1135 tempora
1685 1052 1849 1116 inter
2008 1040 2050 1087 ‘³‘

463 1157 924 1222 observationes
952 1171 1079 1222 tres
1107 1160 1361 1243 primas.
1455 1153 1848 1226 Producamr

463 1261 848 1342 AcadG,
893 1264 1845 1332 utsitAGadAButtem-

458 1391 580 1455 pus
609 1373 774 1436 inter
797 1373 1294 1438 observationem
1322 1373 1589 1460 primam
1609 1387 1674 1440 et
1703 1375 1847 1440 ulti-
2970 1407 3023 1462 γ

459 1503 633 1546 mam
683 1483 766 1547 ad
823 1495 1072 1568 tempus
1131 1484 1294 1548 inter
1351 1483 1849 1550 observationem

459 1589 732 1672 primam
761 1602 826 1654 et
854 1588 1211 1668 secundam,
1245 1603 1309 1654 et
1326 1591 1630 1678 jungatur
1661 1591 1727 1667 Q
1759 1591 1844 1657 G.

463 1696 552 1761 Et
595 1697 647 1761 si
691 1711 935 1762 cometa
961 1710 1318 1762 moveretur
1346 1698 1739 1764 uniformiter
1781 1700 1847 1762 in

455 1803 624 1869 linefi
655 1804 844 1882 rectfi,
891 1817 1078 1891 atque
1108 1806 1314 1872 Terra
1353 1807 1449 1871 vel
1497 1807 1861 1893 quiesceret,
1906 1807 2005 1872 vel
2043 1809 2232 1876 etiam
2260 1810 2327 1874 in
2355 1810 2519 1876 line&
2550 1811 2716 1876 rectfi
2750 1813 3041 1878 uniformi

456 1942 602 1984 cum
644 1934 821 1984 motu
863 1921 1371 2008 progrederetur,
1419 1921 1584 1986 foret
1624 1923 1893 2010 angulus
1936 1934 1999 1981 ‘V'
2034 1923 2102 2000 Q
2132 1921 2199 1990 G
2240 1923 2571 2014 longitudo
2600 1938 2860 1990 cometae
2890 1938 3046 1988 tem-

456 2048 613 2111 pore
651 2024 1104 2096 observationis
1147 2025 1404 2092 ultimae.
1495 2027 1787 2114 Angulus
1834 2029 2023 2116 igitur
2074 2029 2129 2094 F
2172 2030 2237 2106 Q
2284 2032 2370 2108 G,
2426 2032 2535 2118 qui
2580 2031 3045 2120 longitudinum

457 2133 806 2198 differentia
847 2146 960 2210 est,
1006 2133 1205 2197 oritur
1249 2136 1331 2198 ab
1374 2134 1794 2220 inaequalitate
1836 2148 2121 2201 motuum
2164 2149 2425 2202 cometae
2462 2159 2536 2202 ac
2580 2137 2821 2202 Terrae.
2914 2137 3049 2203 Hic

459 2256 667 2309 autem
696 2245 986 2331 singulm,
1019 2246 1072 2308 si
1103 2245 1308 2308 Terra
1336 2258 1400 2310 et
1427 2257 1669 2310 cometa
1698 2246 1765 2308 in
1794 2247 2133 2310 contrarias
2161 2259 2369 2330 partes
2399 2259 2747 2330 moventur,
2796 2247 3049 2310 additur

455 2351 688 2436 angulo
719 2363 782 2409 ‘Y‘
815 2351 883 2426 Q
915 2351 999 2428 G,
1047 2362 1111 2414 et
1140 2351 1230 2414 sic
1257 2362 1497 2415 motum
1527 2365 1933 2436 apparentem
1965 2365 2224 2417 cometae
2254 2353 2629 2420 velociorem
2659 2353 2900 2417 reddit:
2950 2355 3049 2416 sin

454 2470 696 2524 cometa
721 2461 930 2546 pergit
957 2460 1022 2522 in
1053 2459 1302 2523 easdem
1319 2449 1541 2543 'partes
1572 2481 1717 2524 cum
1752 2459 1973 2538 Terrfi,
2012 2460 2215 2525 eidem
2244 2461 2632 2539 subducitur,
2678 2472 3049 2546 motumque

458 2580 720 2645 cometoe
763 2568 861 2633 vel
907 2567 1242 2631 tardiorem
1274 2557 1500 2644 reddit,
1545 2567 1644 2633 vel
1672 2565 1833 2634 forte
1861 2568 2335 2654 retrogradum3
2383 2568 2463 2654 (b)
2494 2568 2586 2632 uti
2628 2567 2821 2632 modo
2850 2589 3049 2652 expo-

456 2675 573 2738 sui.
665 2669 887 2739 Oritur
925 2675 1115 2762 igitur
1148 2673 1252 2737 hic
1282 2673 1548 2759 angulus
1589 2653 1907 2757 p'raecipue
1939 2695 2017 2737 ex
2048 2687 2223 2737 motu
2253 2674 2494 2753 Terrae,
2543 2686 2607 2748 et
2647 2673 2883 2754 idcirco
2923 2696 3046 2760 pro

456 2780 766 2864 parallaxi
794 2793 1057 2844 cometae
1086 2778 1309 2844 merito
1337 2778 1664 2842 habendus
1694 2791 1807 2857 est,
1853 2779 2140 2867 neglecto
2168 2780 2453 2846 videlicet
2482 2781 2613 2866 ejus
2656 2781 3045 2845 incremento

2114 1039 2160 1086 1²·
2472 1038 2517 1090 C
2650 1040 2697 1086 B
2904 1043 2964 1090 A

2544 1649 2595 1703 Q

452 2968 620 3031 n÷r.
680 2963 1705 3030 EstigituirMOadOKutradm÷n0

1792 2976 1840 3016 et
1864 2969 1907 3016 B
1931 2969 1994 3026 G,
2018 2969 2179 3030 utpote
2194 2971 2415 3018 habentes
2428 2969 2583 3018 datam
2602 2970 2829 3018 rationem
2846 2971 2905 3018 ad
2926 2971 2969 3019 B
2990 2971 3041 3019 D

458 3033 634 3092 Quare,
669 3028 920 3080 dividendo
938 3042 988 3081 et
1007 3047 1064 3082 ex
1087 3047 1233 3098 aequo,
1268 3041 1361 3080 tres
1378 3041 1517 3082 rectae
1550 3031 1608 3078 Μ
1635 3032 1702 3089 0,

1791 3042 1839 3080 et
1876 3035 1923 3080 R
1948 3036 2009 3080 A.
2073 3035 2187 3084 Jam
2208 3031 2316 3082 νει-ὂ
2336 3035 2387 3080 in
2410 3034 2647 3098 triangulo
2684 3037 2733 3082 R.
2758 3036 2803 3082 B
2830 3035 2886 3092 F,
2920 3035 3041 3082 datis

1790 3097 2009 3146 lateribus
2048 3097 2109 3146 B·
2137 3099 2201 3154 R,
2242 3099 2285 3147 B
2328 3097 2384 3156 F,
2421 3113 2532 3146 cum
2568 3099 2748 3160 angulo
2784 3099 3039 3158 intercepto

1795 3162 1843 3210 R
1863 3163 1905 3212 B
1944 3161 1997 3216 F,
2038 3161 2209 3210 dantur
2240 3161 2363 3210 latus
2400 3163 2447 3211 R.
2476 3163 2516 3210 F
2546 3173 2595 3210 et
2624 3162 2829 3226 angulus
2861 3163 2909 3210 R
2931 3163 2973 3210 F
2992 3163 3036 3212 B

1788 3241 1843 3275 ac
1884 3225 2079 3288 proinde
2132 3227 2273 3274 etiam
2326 3226 2467 3274 datur
2515 3227 2720 3290 angulus
2777 3227 2827 3282 Q
2874 3227 2914 3274 F
2959 3227 3029 3274 H.

1790 3290 2013 3340 Similiter
2044 3291 2095 3336 in
2127 3291 2363 3352 triangulo
2404 3291 2459 3346 Q,
2485 3291 2529 3340 Β
2563 3291 2627 3349 G,
2666 3290 2785 3338 datis
2819 3291 3037 3338 lateribus

1791 3355 1843 3410 Q
1865 3355 1924 3412 B,
1953 3352 1997 3402 B
2026 3355 2088 3412 G,
2110 3363 2158 3402 et
2178 3355 2355 3418 angulo
2380 3356 2431 3410 Q
2454 3357 2497 3403 B
2528 3355 2591 3412 G,
2623 3355 2813 3402 dabitur
2832 3355 3034 3417 angulus

1790 3419 1834 3465 B
1863 3420 1914 3474 Q
1936 3420 1982 3465 G
2001 3435 2015 3476 ς
2048 3417 2191 3480 quare
2214 3419 2262 3464 in
2286 3418 2521 3482 triangulo
2542 3421 2590 3475 Q
2614 3418 2657 3467 F
2682 3419 2753 3476 H,
2776 3417 2895 3466 datis
2917 3419 3033 3466 duo-

1784 3483 1875 3532 bus
1894 3483 2081 3545 angulis
2105 3484 2156 3538 Q
2178 3483 2221 3532 F
2246 3483 2317 3540 H,
2356 3483 2397 3532 F
2422 3483 2473 3538 Q.
2496 3484 2565 3540 H,
2600 3499 2711 3532 cum
2733 3484 2874 3530 latere
2900 3484 2951 3538 Q
2976 3483 3029 3540 F,

1783 3547 1914 3609 quod
1944 3557 2014 3593 est
2044 3563 2229 3594 summa
2262 3546 2333 3596 vel
2364 3547 2623 3596 differentia
2650 3558 2885 3605 rectarum
2904 3547 3032 3594 data-

1784 3625 1891 3660 rum
1916 3612 2049 3669 QB,
2078 3613 2128 3667 Q
2146 3612 2187 3658 F
2208 3612 2461 3660 innotescet
2482 3611 2603 3660 latus
2628 3612 2681 3666 Q
2697 3611 2769 3658 H.
2820 3611 3029 3660 Tandem

1784 3674 1837 3721 in
1857 3675 2093 3738 triangulo
2118 3677 2170 3731 Q
2192 3675 2245 3722 H
2273 3677 2344 3731 M,
2379 3675 2497 3724 dato
2509 3671 2687 3738 angulo
2711 3675 2765 3722 H
2795 3677 2847 3731 Q
2871 3676 2931 3722 M
2950 3674 3031 3736 qui

1784 3747 1856 3785 est
1886 3754 2072 3786 summa
2102 3738 2178 3786 vel
2208 3739 2467 3787 differentia
2499 3750 2716 3786 notorum
2748 3740 3029 3802 angulorum

1788 3803 1833 3851 B
1862 3803 1913 3857 Q
1936 3807 1997 3858 A,
2036 3803 2090 3850 H
2119 3805 2171 3859 Q
2192 3804 2255 3861 B,
2280 3803 2479 3865 datoque
2500 3802 2677 3866 angulo
2704 3805 2755 3859 Q
2776 3803 2833 3850 M
2864 3803 2917 3850 H
2949 3802 3028 3864 qui

1785 3865 1977 3928 aequalis
1998 3877 2067 3914 est
2087 3867 2264 3930 angulo
2285 3867 2393 3914 dato
2428 3867 2477 3922 Q
2502 3869 2545 3914 A
2570 3867 2631 3924 B,
2664 3867 2901 3930 simulque
2922 3877 3030 3914 noto

1784 3930 1926 3978 latere
1967 3931 2019 3986 Q
2051 3931 2121 3987 H,
2157 3931 2447 3978 innotescent
2482 3931 2625 3978 latera
2664 3931 2719 3978 H
2754 3931 2829 3989 M,
2875 3931 2927 3986 Q
2954 3929 3025 3976 M.

1789 3994 1940 4042 Simili
1973 4009 2159 4055 prorsus
2188 3993 2331 4042 modo
2361 3993 2656 4042 invenientur
2688 3995 2833 4042 intera
2874 3995 2923 4042 R
2963 3993 3027 4050 K,

1790 4059 1844 4106 H
1873 4059 1940 4116 K,
1975 4059 2023 4104 in
2058 4059 2293 4122 triangulo
2330 4059 2379 4106 R
2405 4059 2456 4106 K
2481 4059 2553 4105 H.
2626 4059 2783 4122 Igitur
2815 4058 2866 4104 in
2888 4058 3029 4106 trian-

1786 4121 1903 4186 gulo
1935 4123 1993 4168 M
2019 4122 2072 4169 H
2100 4123 2166 4180 K,
2200 4121 2323 4170 notis
2354 4121 2573 4170 lateribus
2608 4120 2659 4169 H
2687 4123 2761 4179 M,
2802 4123 2855 4170 H
2884 4123 2949 4178 K,
2984 4131 3030 4168 et

1786 4185 1963 4250 angulo
1984 4186 2239 4246 intercepto
2274 4185 2331 4236 M
2358 4187 2413 4234 H
2440 4187 2507 4244 K,
2539 4187 2622 4250 qui
2644 4186 2834 4248 aequalis
2854 4195 2923 4232 est
2950 4199 3031 4232 an-

1823 4251 1901 4296 ulo
1921 4249 2031 4296 dato
2054 4251 2101 4299 A
2128 4251 2172 4298 B
2199 4252 2259 4306 Q„
2292 4250 2579 4298 innotescent
2600 4250 2763 4313 anguli
2799 4250 2854 4296 H
2880 4250 2938 4297 Μ
2964 4247 3029 4305 Κ,

1786 4267 1845 4361 {1
1875 4315 1924 4361 Κ
1951 4314 2008 4360 Μ
2042 4325 2089 4362 et
2117 4317 2239 4361 basis
2274 4315 2331 4362 Μ
2358 4315 2426 4362 K.
2500 4315 2639 4362 Datis
2667 4325 2825 4361 autem
2848 4313 3031 4377 angulis

1791 4378 1847 4426 H
1872 4379 1931 4426 M
1959 4381 2023 4434 Q,
2060 4379 2115 4426 H
2143 4379 2201 4426 M
2228 4379 2293 4432 K,
2329 4378 2516 4426 dabitur
2544 4381 2715 4426 horum
2746 4394 2931 4424 summa
2962 4375 3033 4424 vel

465 4451 512 4500 Ο
538 4451 606 4508 N,
641 4449 692 4498 N
718 4448 788 4504 K,
820 4456 934 4496 sunt
961 4445 1012 4493 in
1043 4443 1209 4494 eidem
1229 4446 1408 4504 rotime
1429 4461 1538 4494 cum
1561 4445 1708 4494 tribus

456 4513 794 4576 quantitatibus
813 4527 880 4569 m,
902 4527 950 4567 n,
975 4527 1014 4558 r.
1084 4510 1222 4558 Idem
1242 4509 1298 4557 fit
1317 4509 1708 4572 trigonometrice.

425 4576 587 4636 ·Nain
622 4587 850 4624 rectarum
887 4585 1088 4636 quatuor
1120 4574 1332 4622 datarum
1376 4573 1428 4629 Q
1466 4575 1529 4631 A,
1565 4573 1617 4629 Q
1643 4575 1705 4630 B,

459 4641 508 4688 R
536 4641 596 4697 B,
628 4643 672 4688 R
692 4642 757 4698 D,
781 4640 954 4686 damur
975 4639 1320 4687 intersectiooes
1339 4653 1502 4686 omnes
1522 4654 1576 4686 ac
1597 4653 1707 4699 pm-

453 4703 730 4752 inderect‘ae
765 4703 976 4760 QB,D
1006 4703 1066 4758 B,
1096 4703 1228 4756 RB,
1259 4703 1391 4758 BA,
1421 4703 1560 4761 RD,
1593 4711 1707 4748 sunt

453 4767 781 4831 magnitudine
802 4762 936 4814 da'tae.
1001 4764 1233 4816 Praeteress
1249 4765 1421 4813 dantur
1436 4767 1578 4814 etiam
1602 4767 1646 4814 B
1667 4765 1709 4814 F

1787 4443 2049 4494 differentia
2074 4444 2125 4498 Q,
2146 4443 2206 4492 M
2233 4443 2299 4500 K,
2333 4445 2421 4490 hoc
2440 4453 2510 4492 est
2530 4443 2699 4502 positio
2717 4452 2859 4489 rectoe
2882 4443 2941 4490 M
2967 4441 3029 4498 K,

1788 4508 1848 4554 ob
1870 4519 2041 4555 rectam
2068 4509 2119 4562 Q
2136 4505 2209 4562 M,
2233 4507 2459 4566 positione
2480 4509 2649 4554 datam.
2723 4505 2877 4554 Simili
2896 4505 3033 4552 modo

1789 4581 1925 4618 τεοῖο
1961 4573 2012 4628 Q
2034 4572 2098 4626 Ο.
2138 4573 2186 4618 R
2210 4572 2274 4626 N,
2315 4571 2363 4618 R
2388 4571 2439 4618 K
2474 4582 2521 4618 et
2550 4570 2713 4632 anguli
2746 4585 2865 4632 quos
2900 4572 2956 4618 M
2982 4569 3031 4616 K

1788 4649 1897 4684 cum
1914 4637 1987 4684 his
1999 4635 2133 4684 rectis
2149 4635 2301 4686 efficit.
2321 4635 2699 4698 trigonometrice
2716 4635 3030 4682 inveniuntur.

1812 4723 1829 4739 ν
1855 4699 1923 4764 (³)
1950 4705 1977 4731 *¹
2002 4705 2193 4760 Agatur
2212 4709 2337 4748 recta
2360 4703 2407 4747 A
2429 4703 2478 4748 B
2502 4703 2551 4748 C.
2620 4698 2783 4761 (129.)

1850 4764 1921 4828 θ’)
1949 4767 1977 4796 ““
2010 4766 2093 4816 Uti
2110 4763 2243 4813 modo
2264 4765 2459 4826 exposui.
2520 4762 2686 4829 (128.)
