3384 5509
474 438 599 499 196
1108 422 1798 493 PH1LosoPH1AE
1843 422 2392 495 NATURALIS
2435 423 2584 509 [Da
2609 426 2859 493 Mun».
2878 428 3068 495 sm.

468 605 663 670 ticum
690 610 953 667 cometae
978 598 1165 687 htajus
1190 598 1631 666 determinare.
1713 599 1930 685 Atque
1955 598 2096 665 haec
2125 600 2214 665 ita
2243 621 2310 665 se
2336 596 2684 677 habebunt,
2715 600 2768 665 si
2797 613 3069 684 cometa,

470 718 677 805 spatio
704 736 1013 781 annorum
1042 712 1441 801 septuag'mta
1452 711 1758 798 quinque,
1791 710 1859 775 in
1887 710 2010 781 hoc
2033 710 2188 779 orbe
2216 711 2481 809 posthac
2503 710 2776 775 redierit.
2837 712 3071 777 Come-

467 841 552 893 tae
582 825 805 913 leliqui
832 824 1055 911 majori
1083 819 1369 908 tempore
1398 820 1636 887 revolvi
1663 820 1957 885 videntur
1986 832 2051 884 et
2076 819 2264 885 altius
2293 820 2651 885 ascendere.

556 936 874 1001 Caeterum
917 942 1197 1010 cometae,
1245 931 1331 995 ob
1374 932 1677 1018 magnum
1705 950 1926 995 eorum
1954 950 2310 1007 numerum,
2357 942 2421 993 et
2457 922 2756 1015 magnam
2785 926 3066 1012 aphelio-

466 1066 607 1109 rum
636 1064 675 1107 a
707 1041 855 1107 Sole
882 1038 1263 1116 distantiam,
1296 1049 1359 1103 et
1398 1036 1657 1125 longam
1684 1056 1929 1099 moram
1956 1035 2024 1098 in
2055 1032 2343 1120 apheliiS,
2373 1055 2492 1121 per
2533 1033 2870 1121 gravitates
2900 1035 2968 1098 in
2997 1058 3066 1101 se

464 1164 683 1219 mutuo
711 1149 999 1217 nonnihil
1028 1148 1269 1215 turbari
1312 1148 1561 1225 debent,
1609 1160 1675 1212 et
1715 1168 1937 1211 eorum
1981 1144 2476 1213 eccentricitates
2507 1156 2572 1209 et
2599 1144 3066 1213 revolutionum

464 1274 756 1345 tempora
795 1279 967 1323 nunc
1008 1256 1228 1343 augeri
1256 1253 1734 1341 aliquantulum,
1775 1276 1946 1320 nunc
1976 1251 2261 1319 diminui.
2356 1249 2636 1318 Proinde
2663 1272 2798 1315 non
2827 1263 2922 1315 est
2951 1275 3066 1319 ex-

463 1370 846 1458 pectandum
876 1380 947 1433 ut
966 1379 1211 1433 cometa
1238 1368 1406 1431 idem
1436 1366 1504 1429 in
1526 1364 1750 1429 eodem
1781 1365 1956 1443 orbe,
1979 1376 2044 1429 et
2068 1364 2292 1429 iisdem
2311 1364 2698 1449 temporibus
2725 1364 3066 1448 periodicis

460 1476 750 1545 accurate
794 1476 1026 1541 redeat.
1120 1474 1364 1540 Sufficit
1411 1473 1465 1537 si
1514 1472 1892 1537 mutationes
1924 1488 2072 1537 *non
2123 1472 2392 1557 majores
2433 1472 2820 1549 obvenerint,
2871 1471 3065 1559 quam

459 1613 602 1679 quae
631 1614 671 1653 a
697 1589 899 1652 causis
928 1584 1248 1671 praedictis
1279 1583 1581 1649 oriantur.

541 1698 631 1763 Et
670 1697 823 1761 hinc
866 1694 1025 1759 ratio
1068 1690 1371 1770 redditur,
1422 1690 1501 1777 (⁶)
1548 1714 1661 1757 cur
1692 1700 1956 1757 cometae
1987 1710 2117 1753 non
2148 1687 2764 1773 comprehendantur
2793 1688 3064 1769 zodiaco

459 1828 633 1870 more
675 1806 1091 1891 planetarum,
1139 1801 1251 1867 sed
1292 1800 1449 1867 inde
1484 1800 1760 1889 migrent
1789 1812 1853 1865 et
1881 1798 2153 1863 motibus
2183 1798 2376 1863 variis
2405 1799 2474 1861 in
2504 1820 2722 1863 omnes
2751 1797 3062 1871 coelorum

452 1906 745 2002 regiones
795 1912 1091 1978 ferantur.
1185 1909 1437 1980 Scilicet
1473 1932 1551 1974 eo
1596 1908 1746 1987 fine,
1797 1920 1868 1973 ut
1923 1908 1990 1971 in
2041 1904 2306 1991 apheliis
2349 1906 2499 1985 suiS,
2550 1906 2662 1971 ubi
2703 1894 3060 1973 tardissime

1782 2087 1932 2126 totam
1967 2077 2112 2127 sensit
2149 2075 2320 2125 clariss.
2351 2074 2437 2124 vir·
2510 2076 2761 2137 oporteret
2789 2076 2970 2127 scilicet
3001 2088 3057 2125 ut

1783 2152 1966 2189 cometa
2007 2143 2090 2189 ille
2125 2140 2272 2205 paul&
2307 2153 2417 2188 ante
2473 2146 2551 2188 27.
2591 2141 2718 2189 diem
2771 2143 3058 2191 Novembris

1817 2222 1866 2253 er
1904 2206 2084 2253 nodum
2127 2206 2486 2253 descendentem
2527 2206 2760 2253 transierit
2802 2214 2850 2252 et
2893 2220 3058 2253 versus

1809 2272 1903 2317 iem
1953 2274 2025 2319 17.
2077 2270 2356 2318 Decembris
2395 2270 2458 2317 ad
2499 2270 2682 2317 nodum
2721 2270 3057 2346 ascendentem

1773 2336 2050 2395 pervenerit,
2081 2332 2282 2397 ide6que
2304 2343 2486 2383 cometa
2507 2334 2704 2381 breviori
2735 2332 2884 2397 quam
2905 2336 3052 2381 unius

1775 2398 1953 2447 mensis
1973 2398 2230 2455 intervallo,
2264 2407 2420 2446 totum
2441 2398 2641 2458 spatium
2663 2399 2794 2475 quod
2823 2408 2894 2445 est
2925 2396 3056 2445 infra

1779 2464 1976 2523 planum
2001 2462 2226 2523 ecliptico
2258 2464 2577 2526 trajecisset.
2599 2460 2749 2510 Ροιτό
2771 2472 2904 2511 tanta
2924 2462 3056 2509 velo-

1779 2528 1894 2574 citas
1923 2538 2048 2575 caret
2072 2526 2490 2582 verisimilitudine,
2526 2541 2612 2573 nec
2641 2526 2882 2574 conciliari
2914 2542 3054 2587 posse

1779 2592 1966 2639 videtur
2005 2606 2117 2639 cum
2157 2591 2414 2641 observatis
2449 2591 2601 2653 longo
2639 2592 2866 2651 temporis
2897 2592 3054 2650 spatio

1780 2655 1924 2715 hujus
1945 2665 2139 2703 cometus
2161 2652 2393 2713 motibm3
2427 2656 2506 2705 hic
2526 2654 2654 2702 enim
2675 2664 3052 2702 astronomorum

520 2081 587 2146 (⁸)
618 2085 721 2130 178.
752 2085 777 2113 ¹*
806 2086 904 2131 Cur
936 2090 1123 2130 cometae
1140 2096 1240 2130 non
1270 2082 1718 2142 comprehendantur

453 2149 652 2196 zodiaco.
728 2146 806 2193 Ex
829 2149 1069 2195 observato
1090 2145 1215 2206 saepe
1238 2147 1409 2204 saepius
1428 2154 1720 2191 cometarum

452 2226 595 2259 cursu
637 2211 906 2272 retrogrado
950 2209 1149 2257 deduxit
1202 2210 1489 2257 Newtonus-
1512 2221 1719 2255 cometas

454 2291 550 2321 non
572 2274 900 2349 comprehendi
923 2274 1113 2321 zodiaco
1133 2288 1263 2319 more
1284 2272 1595 2343 planetarum,
1628 2270 1713 2319 sed

450 2336 564 2387 inde
596 2340 797 2413 migrare
828 2348 875 2385 et
908 2339 1111 2385 motibus
1142 2338 1277 2385 variis
1308 2337 1359 2383 in
1389 2350 1551 2383 omnes
1558 2328 1712 2383 coelo-

445 2390 557 2450 ‘um
578 2404 792 2465 regiones
811 2416 1067 2448 excurrere.
1144 2402 1369 2448 Attamen
1390 2398 1565 2448 clariss.
1596 2401 1714 2449 Cae-

450 2466 583 2515 sinus
614 2468 666 2511 in
703 2466 923 2512 Μοιιιιιιι.
952 2466 1099 2511 Paris.
1131 2480 1211 2512 aa.
1249 2470 1383 2513 1⁷31.
1421 2479 1447 2511 r
1600 2464 1716 2545 ades

452 2542 747 2579 cometarum
770 2542 927 2575 motus
946 2528 1007 2575 ad
1026 2529 1225 2577 directos
1256 2527 1457 2577 reduxit.
1578 2527 1717 2575 erum

450 2608 508 2641 eo
539 2594 735 2641 artificio
766 2592 918 2640 utitur
948 2593 1018 2639 vir
1036 2592 1331 2641 doctissimus
1360 2602 1418 2640 nt
1444 2591 1718 2641 distantiam

449 2668 643 2706 cometae
664 2674 695 2704 a
718 2655 865 2705 Terra
878 2656 964 2703 ve}
984 2656 1093 2705 Sole
1113 2672 1198 2717 pro
1218 2656 1407 2705 arbitrio
1429 2666 1647 2713 assumat,
1666 2666 1715 2707 et

448 2720 591 2771 modo
626 2722 867 2769 Tellurem
901 2720 1020 2767 inter
1044 2720 1198 2769 Solem
1221 2730 1269 2768 et
1288 2730 1535 2778 cometam,
1569 2718 1715 2769 ιιιοιίὂ

446 2796 679 2835 comeum
708 2786 829 2832 inter
864 2785 1023 2832 Solem
1052 2795 1103 2833 et
1140 2784 1383 2833 Tellurem
1419 2800 1475 2833 ac
1504 2754 1714 2849 denique

451 2850 647 2899 Solem
633 2862 755 2897 mter
775 2859 1005 2897 cometam
1030 2858 1080 2896 et
1116 2846 1373 2906 Tellurem,
1406 2864 1494 2911 pro
1515 2850 1714 2897 necessi-

1777 2718 1902 2767 ocul'
1965 2718 2060 2768 cito
2095 2734 2196 2767 sese
2223 2718 2533 2767 subduxisset.
2601 2718 2825 2781 Singulas
2845 2719 3052 2779 explica-

1777 2734 1930 2831 aona
1949 2800 2056 2846 quie
2075 2785 2128 2830 in
2155 2785 2264 2831 loco
2283 2785 2362 2833 cit.
2392 2784 2615 2835 Monum-
2649 2784 2796 2831 Paris.
2823 2783 3052 2847 leguntur

1779 2864 2048 2909 percurrere
2065 2848 2259 2911 longius
2281 2848 2415 2925 foret,
2438 2848 2549 2896 satis
2569 2848 2657 2897 erit
2669 2846 2839 2895 addere
2859 2864 2939 2894 eas
2960 2850 3048 2895 hoc

445 2922 554 2968 tate,
590 2914 797 2961 collocet.
871 2910 986 2988 Qua
1016 2913 1195 2964 ratione
1224 2913 1275 2961 id
1305 2912 1408 2960 fieri
1441 2914 1587 2993 possit
1616 2926 1714 2961 non

444 2982 555 3025 satis
596 2978 902 3053 intelligitur,
938 2978 1025 3024 nisi
1071 2978 1233 3041 ignota
1268 2976 1465 3025 omniu&
1502 2978 1711 3041 fingatur

444 3052 735 3091 cometarum
755 3042 963 3090 theoria·
950 3078 965 3099 ,
988 3056 1206 3089 concesso
1228 3042 1355 3088 enim
1376 3041 1535 3103 aliquo
1556 3056 1712 3089 come-

445 3116 601 3155 tarum
625 3115 887 3169 systemate,
912 3106 1153 3155 distantias
1173 3104 1279 3153 illas
1300 3121 1385 3165 pro
1404 3106 1558 3153 lubitu
1574 3120 1710 3153 usur-

444 3186 555 3231 pare
588 3187 684 3219 non
718 3171 843 3227 licet,
864 3170 949 3217 sed
969 3186 1029 3219 ex
1057 3170 1177 3217 datis
1203 3180 1423 3217 motuum
1450 3170 1708 3226 elementis,

444 3247 733 3283 cometarum
775 3234 994 3283 distantia
1031 3244 1219 3298 totaque
1252 3236 1515 3297 trajectoria
1556 3232 1710 3282 deter-

444 3299 705 3347 minantur
773 3300 851 3345 Sic
892 3299 1114 3346 Halleius
1156 3298 1367 3346 definivit
1374 3298 1711 3372 trajectoriam

443 3373 638 3411 cometas
660 3363 741 3425 qui
763 3363 1064 3411 annis1664·
1089 3373 1136 3411 et
1170 3364 1311 3411 1665:
1336 3348 1565 3432 apparuit.
1640 3364 1712 3412 Ut

440 3436 603 3475 autem
644 3428 968 3489 retrogradum
1008 3427 1153 3491 hujus
1194 3436 1391 3475 cometae
1424 3428 1607 3474 motum
1646 3426 1709 3475 ad

442 3490 673 3539 directum
708 3492 899 3538 reducat
936 3492 1107 3539 clariss.
1152 3488 1389 3548 cassinus,
1424 3490 1567 3538 talem
1596 3490 1708 3539 huic

442 3566 637 3603 cometae
659 3566 843 3603 motum
864 3554 1027 3603 tribuit
1040 3555 1121 3617 qui
1144 3570 1256 3603 cum
1280 3555 1462 3603 Halleii
1483 3565 1710 3617 computo

442 3634 740 3682 nequaquam
760 3620 992 3667 convenit·
1066 3618 1227 3675 Quam
1249 3618 1395 3681 probe
1417 3630 1575 3666 tamen
1597 3635 1710 3667 cum

442 3684 841 3733 observationibus
860 3684 1035 3733 theoria
1056 3693 1299 3759 congruat,
1327 3682 1530 3733 ostendit
1551 3684 1709 3731 tabula

348 3798 353 3803 ,
440 3746 583 3808 poulo
598 3748 706 3799 ante
722 3748 942 3796 exhibita.
994 3746 1225 3804 Quamvis
1246 3748 1403 3823 itaque
1416 3748 1710 3827 retrogrados

439 3823 729 3861 cometarum
760 3824 917 3861 motus
936 3813 999 3861 ad
1019 3812 1215 3861 directos
1246 3810 1492 3875 ingeniosa
1512 3820 1611 3859 arte
1632 3828 1705 3859 re-

438 3876 628 3924 duxerit
652 3878 889 3934 cassinus,
912 3889 1009 3925 aon
1030 3876 1079 3923 id
1102 3886 1261 3925 tamen
1274 3878 1383 3925 satis
1399 3892 1499 3925 esse
1514 3876 1706 3925 arbitran-

437 3955 549 3987 mur
569 3951 625 3989 ut
645 3957 751 3989 eam
772 3941 1033 4003 rejiciamus
1048 3950 1337 3989 cometarum
1357 3941 1582 3987 theoriam
1598 3956 1707 4003 quae

436 4004 759 4065 phaenomenis
794 4004 1005 4065 apprime
1046 4006 1307 4067 respondet,
1354 4015 1495 4067 atque
1536 4004 1704 4053 incerti

436 4069 539 4117 sine
554 4069 653 4117 ulla
674 4066 855 4117 theoria
876 4082 1095 4117 erremus-
1158 4068 1393 4117 Praeterea
1412 4069 1557 4117 talem
1577 4070 1703 4117 orbi-

435 4143 537 4181 tam
556 4132 779 4195 praedicto
799 4144 992 4181 cometae
1014 4133 1219 4197 assignat
1252 4134 1474 4181 Cassinus
1494 4144 1549 4181 ut
1570 4130 1704 4181 extra

434 4201 599 4246 orbem
618 4214 836 4245 annuum
854 4196 953 4247 fere
972 4214 1066 4245 uon
1081 4207 1325 4257 excurrat3
1348 4198 1478 4272 quod
1492 4198 1532 4244 si
1548 4213 1621 4245 res
1637 4196 1706 4245 ita

435 4278 486 4311 se
506 4264 709 4320 haberet,
734 4264 811 4310 hic
832 4272 1016 4310 cometa
1032 4262 1087 4309 in
1109 4271 1411 4324 conspectum
1432 4260 1527 4310 αἰιό
1540 4262 1705 4309 rediis-

434 4336 521 4383 set,
553 4337 759 4375 cometas
786 4326 912 4375 enim
940 4326 1005 4375 nd
1032 4327 1287 4375 maximam
1306 4327 1496 4390 quoque
1526 4326 1705 4375 distan-

433 4392 549 4439 tiam
586 4392 863 4451 conspicuos
896 4406 999 4439 esse
1026 4400 1209 4439 constat
1238 4406 1300 4437 ex
1333 4390 1521 4438 defectu
1550 4390 1703 4451 paral-

433 4454 607 4503 laxeos·
676 4456 781 4503 Nec
802 4454 1000 4503 feliciori
1020 4470 1239 4503 successu
1262 4455 1323 4503 ad
1345 4464 1529 4503 motum
1552 4455 1704 4501 direc-

430 4529 538 4566 tum
578 4520 742 4568 reduci
784 4535 921 4581 posse
970 4519 1155 4567 videtur
1196 4531 1354 4567 motus
1404 4534 1430 4565 r
1646 4534 1704 4567 us

432 4594 629 4631 cometa!
648 4600 724 4631 au.
758 4590 897 4632 1680.
948 4584 1077 4630 Nam
1098 4592 1267 4644 praeter
1284 4581 1429 4646 quam
1448 4582 1577 4645 quod
1596 4597 1702 4631 om-

432 4662 544 4694 nem
566 4659 854 4697 cometarum
876 4648 1100 4695 theoriam
1122 4648 1243 4694 fictis
1263 4648 1325 4695 ad
1346 4647 1592 4695 arbitrium
1612 4648 1702 4709 hy..

430 4713 701 4787 pothesibus
720 4713 863 4759 everti
884 4727 1071 4759 necesse
1092 4712 1165 4766 sit.
1190 4712 1241 4757 in
1263 4712 1571 4771 explicatione
1588 4710 1704 4759 Cas-

430 4776 523 4823 sini
566 4776 840 4840 gravissima
893 4776 1093 4824 occurrit
1135 4775 1385 4825 difficultas
1426 4777 1565 4839 cujus
1606 4775 1702 4824 vim

1775 2912 2072 2973 potissimum
2099 2912 2196 2959 tine
2215 2913 2499 2993 excogitatas
2517 2912 2661 2961 fuine
2681 2921 2738 2961 ut
2755 2927 2929 2973 nempe
2949 2928 3046 2959 ser-

1775 2986 1962 3023 varetur
2007 2987 2055 3023 et
2100 2993 2130 3024 a
2169 2975 2443 3039 gravissima
2478 2978 2736 3041 objectione
2773 2976 3047 3024 liberaretur

1777 3040 2008 3087 vorticum
2029 3040 2324 3115 hypothesis.
2361 3040 2544 3089 Verum
2565 3042 2642 3088 his
2659 3040 3045 3101 explicatiombus

1777 3106 2061 3179 caeteroquin
2093 3105 2478 3182 ingeniosissimis
2503 3106 2721 3154 noudum
2741 3114 2902 3157 tanuen
2935 3120 3043 3164 pro-

1777 3168 1958 3230 positus
1995 3168 2100 3215 finis
2135 3169 2332 3217 obtineri
2363 3170 2576 3229 videtur3
2608 3171 2730 3217 hanc
2762 3171 2890 3216 euim
2920 3168 3040 3215 diffi-

1773 3234 1902 3281 culoe
2030 3232 2178 3297 effugi
2179 3245 2310 3281 entes
2340 3234 2569 3282 vorticum
2589 3236 2788 3296 patroni,
2821 3232 2872 3279 in
2901 3234 3042 3281 aliam

1775 3296 1936 3345 incurr
2003 3307 2038 3345 t.
2109 3298 2361 3359 oporteret
2395 3298 2626 3361 siquidm
2663 3308 2720 3345 ιιι
2752 3308 3040 3345 cometarum

1775 3362 1970 3409 vortices
1991 3363 2146 3423 ipsum
2173 3361 2338 3410 saltem
2363 3362 2571 3413 Telluris
2592 3363 2813 3410 vorticem
2847 3363 3040 3409 interse-

1771 3436 1948 3483 carent,
1969 3426 2098 3489 quod
2119 3426 2220 3474 sine
2241 3426 2468 3474 vorticum
2491 3428 2836 3487 perturbatione
2855 3441 2914 3473 ac
2933 3436 3036 3472 tan-

1771 3488 1880 3537 dem
1894 3490 2206 3538 destructione
2214 3490 2314 3537 fieri
2329 3506 2478 3557 posse
2477 3506 2575 3539 non
2587 3491 2881 3553 intelligitur.
2907 3491 3040 3537 Alias

1771 3555 2052 3615 hypotheses
2073 3555 2310 3604 finxerunt
2329 3556 2428 3603 alii·
2498 3556 2706 3611 Quidam
2728 3564 2935 3601 cometas
2955 3556 3037 3600 ha-

1775 3620 1980 3667 buerunt
1999 3628 2221 3682 tanquam
2253 3620 2473 3679 planetae
2487 3635 2582 3667 non
2602 3618 2727 3667 circa
2751 3618 2910 3666 Solem
2933 3632 3040 3663 nos-

1773 3690 1914 3737 trum,
1939 3683 2022 3730 ced
2041 3686 2166 3731 circa
2185 3684 2331 3731 alium
2352 3684 2482 3731 velut
2501 3694 2716 3731 centrum
2737 3683 3040 3731 revolventes-

1777 3746 2012 3794 Nonnulli
2043 3762 2122 3795 eos
2143 3748 2408 3795 habuerunt
2429 3748 2560 3795 velut
2587 3748 2808 3795 satellites
2837 3746 3038 3807 planetae

1770 3812 2016 3874 cujusdam
2051 3812 2260 3872 primarii
2295 3813 2348 3859 in
2377 3816 2543 3861 nostro
2575 3814 2747 3860 vortice
2779 3810 3034 3871 constituti,

1767 3877 1852 3939 qui
1874 3886 2030 3924 tamen
2050 3878 2112 3922 ob
2133 3877 2388 3923 maximam
2413 3878 2543 3925 illius
2563 3894 2593 3925 a
2613 3879 2747 3925 nobis
2767 3876 3037 3923 distantiam

1771 3941 1977 4003 conspici
2009 3955 2105 3987 non
2137 3951 2303 4003 potest,
2335 3942 2398 3989 ita
2422 3952 2474 3989 ut
2495 3951 2690 3989 cometae
2709 3956 2794 3989 seu
2817 3941 3036 3987 satellites

1767 4020 1868 4051 sese
1901 4005 2035 4051 uobis
2070 4004 2299 4053 duntaxat
2323 4005 2603 4066 conspicuos
2631 4009 2884 4067 praebeant,
2917 4004 3036 4051 dum

1767 4067 1818 4115 in
1843 4067 2048 4115 inferiori
2072 4079 2120 4116 et
2144 4068 2348 4117 Telluris
2361 4070 2628 4131 proximiori
2651 4071 2908 4119 orbitarum
2931 4084 3034 4115 sua·

1765 4148 1875 4181 rum
1896 4142 2024 4194 parte
2046 4145 2299 4183 versantur.
2369 4134 2466 4183 Sed
2487 4150 2516 4181 a
2541 4132 2857 4181 Now-tonina
2875 4148 3032 4181 come-

1767 4206 1923 4244 tarum
1965 4197 2158 4255 theoria,
2201 4213 2310 4259 quae
2351 4198 2674 4259 phaenomeuis
2716 4207 3029 4245 consentanea

1768 4271 1854 4319 est,
1875 4276 2172 4323 nequaquam
2193 4276 2280 4309 nos
2299 4278 2536 4311 removere
2557 4263 2730 4311 debent
2756 4262 3035 4337 hypotloeses

1767 4324 1864 4373 illae
1884 4342 1991 4389 quae
2012 4342 2115 4373 eam
2137 4326 2368 4377 duntaxat
2395 4332 2458 4375 ob
2487 4342 2676 4377 causam
2698 4328 2934 4375 subtiliter
2959 4328 3032 4373 in-

1769 4399 1919 4439 ventae
1951 4402 2064 4437 sunt
2101 4400 2156 4439 ut
2192 4400 2450 4439 servaretur
2485 4391 2713 4439 vorticum
2747 4389 3030 4453 hypothesis,

1766 4468 1909 4515 quam
1945 4454 2051 4501 aliis
2087 4454 2250 4503 multis
2285 4454 2640 4503 difficultatibus
2673 4458 2822 4535 premi
2860 4455 3038 4533 passim

1766 4516 2072 4565 ostendimus.
2145 4520 2380 4573 Caeterum
2398 4518 2626 4582 quidquid
2647 4520 2706 4567 de
2727 4516 2817 4570 hae
2837 4518 3033 4567 materia

1766 4581 1986 4637 diximus,
2011 4592 2059 4629 et
2077 4580 2192 4643 ipsa,
2215 4596 2354 4643 prout
2375 4585 2512 4641 uobis
2532 4584 2686 4631 visum
2706 4594 2790 4641 est,
2824 4582 2890 4631 rei
2912 4586 3030 4630 veri-

1767 4656 1839 4693 tas
1859 4656 2348 4696 etacommentatorum
2379 4636 2593 4696 officium
2615 4664 2643 4695 a
2669 4648 2802 4697 nobis
2823 4647 3030 4711 poemia-

1765 4712 1892 4762 bant.
