3384 5509
313 423 545 490 annn
563 422 921 504 Tannus]
982 422 1464 489 PRINCIPIA
1509 420 2250 490 MATHEMATICA.
2758 431 2785 488 1
2803 433 2829 486 1
2842 431 2881 488 5

313 591 816 658 acceleratiicem
845 590 1064 655 Terrae
1090 591 1157 654 in
1187 589 1454 667 Lunam,
1500 600 1564 653 et
1591 589 1891 654 diameter
1920 591 2123 656 Lunoe
2152 591 2235 656 ad
2260 579 2633 656 diametrum
2662 591 2883 656 Terrae

315 698 738 785 conjunctim3
781 696 849 759 id
891 709 1002 774 est,
1049 707 1122 762 ut
1148 705 1250 761 39.
1281 701 1405 763 788
1439 694 1520 758 ad
1555 702 1584 757 1
1620 706 1684 758 et
1719 705 1838 759 loo
1868 695 1948 758 ad
1980 706 2103 761 365
2134 696 2528 781 conjunctim,
2575 717 2687 759 seu
2717 704 2874 760 1081

314 806 403 870 ad
457 814 602 870 100.
692 803 882 868 Unde
931 799 1077 866 cum
1125 823 1297 866 mare
1344 799 1632 867 nostrum
1677 800 1743 864 vi
1787 801 1991 868 Lunae
2040 801 2356 868 attollatur
2406 801 2489 866 ad
2535 800 2729 885 pedes
2779 803 2880 884 833

313 911 580 975 fluidum
626 910 844 974 lunare
892 909 957 972 vi
999 907 1220 972 Terrae
1248 905 1446 972 attolli
1473 907 1730 972 deberet
1770 905 1853 970 ad
1892 906 2085 990 pedes
2126 915 2231 976 93.
2322 906 2538 994 anue
2580 907 2663 972 de
2698 905 2883 974 causa

313 1019 524 1105 figura
552 1018 772 1082 Lunae„
804 1015 1104 1100 sphaerois
1151 1027 1332 1092 esset,
1385 1016 1560 1099 ‘cujus
1601 1015 1876 1077 maxima
1918 1015 2215 1084 diameter
2240 1016 2546 1102 producta
2594 1017 2885 1080 transiret

313 1149 433 1214 per
461 1139 743 1192 centrum
766 1125 1005 1201 Terrae,
1039 1137 1102 1188 et
1122 1136 1440 1208 superaret
1459 1124 1793 1186 diametros
1815 1125 2354 1208 perpendiculares
2376 1147 2633 1190 excessu
2651 1123 2884 1208 pedum

322 1243 352 1299 1
367 1244 468 1300 86.
558 1233 783 1297 Talem
827 1231 1016 1319 igitur
1061 1233 1327 1319 figuram
1375 1230 1561 1296 Luna
1605 1230 1871 1309 affectat,
1925 1255 2184 1320 eamque
2233 1233 2350 1298 sub
2398 1233 2576 1296 initio
2624 1231 2885 1295 induere

317 1343 556 1410 debuit.
648 1342 735 1418 Q.
766 1364 822 1405 e.
852 1341 894 1404 i.

408 1451 605 1518 Corol.
639 1450 709 1536 (⁸)
742 1450 903 1515 Inde
929 1437 1082 1516 vero
1109 1447 1184 1512 fit
1209 1459 1282 1512 ut
1307 1448 1526 1514 eadem
1557 1471 1803 1533 semper
1824 1448 2028 1513 Lunae
2054 1448 2239 1514 facies
2269 1449 2336 1514 in
2366 1448 2632 1515 Terram
2658 1449 2883 1514 obver-

315 1574 504 1628 tatur.
595 1561 674 1626 In
703 1561 826 1624 alio
854 1559 1022 1624 enim
1051 1557 1173 1624 situ
1200 1579 1426 1644 corpus
1469 1555 1694 1622 lunare
1717 1557 2033 1643 quiescere
2058 1580 2187 1622 non
2215 1569 2439 1643 potest,
2470 1557 2583 1622 sed
2604 1556 2687 1622 ad
2712 1556 2885 1620 hunc

315 1745 442 1792 inter
461 1757 514 1790 se
533 1741 718 1799 similes,
741 1741 974 1804 alteraque
999 1741 1050 1788 in
1071 1740 1324 1789 acutiorem
1343 1739 1564 1800 sphaeroi-
1645 1746 1795 1786 meter
1816 1737 1971 1786 Lunae
1990 1735 2151 1786 versus
2169 1745 2379 1785 centrum
2397 1737 2555 1785 Terrae
2571 1733 2788 1798 dirigitur
2805 1737 2886 1798 (ex

317 1808 428 1856 dem
449 1807 640 1854 desinat.
705 1805 866 1862 Quare
885 1805 938 1853 in
959 1820 1070 1852 casu
1089 1805 1322 1866 presenti,
1345 1805 1434 1851 erit
1455 1804 1502 1852 B
1520 1805 1565 1852 L
1648 1801 1799 1863 dem.)
1830 1802 1939 1849 hinc
1958 1801 2014 1848 fit
2032 1812 2088 1849 ut
2107 1800 2270 1850 eadem
2290 1815 2473 1861 semper
2504 1801 2658 1848 Lunae
2678 1798 2817 1847 facies
2836 1798 2889 1843 in

315 1871 380 1921 ad
402 1871 448 1918 L
466 1870 521 1926 F,
537 1877 592 1916 ut
606 1870 653 1917 T
671 1870 717 1916 A
738 1869 799 1918 ad
822 1869 868 1918 T
887 1869 950 1926 E,
967 1877 1016 1916 et
1029 1868 1227 1916 vicissim
1243 1869 1288 1916 B
1311 1867 1360 1914 D
1375 1867 1434 1915 ad
1461 1869 1504 1916 A
1525 1867 1566 1915 C
1653 1867 1846 1914 Terram
1866 1867 2142 1913 obvertatur.
2212 1863 2370 1911 Posita
2397 1874 2555 1911 autem
2586 1859 2890 1922 sphaeroidica

321 1937 446 1984 sicut
467 1935 513 1982 L
535 1934 578 1986 F
597 1933 660 1982 ad
683 1934 729 1982 T
752 1934 814 1991 E,
837 1935 928 1984 hoc
947 1941 1032 1993 est,
1055 1932 1096 1982 si
1113 1931 1304 1996 aqualis
1325 1939 1444 1980 esset
1461 1946 1567 1994 gra·
1649 1931 1808 1980 Lunae
1827 1929 1993 1993 figura,
2030 1929 2151 1976 inter
2170 1928 2317 1978 variat
2338 1927 2495 1976 Lunae
2514 1935 2665 1989 partes
2686 1941 2783 1973 non
2804 1925 2887 1973 da-

326 3073 448 3122 vit-s
466 3073 762 3124 nasama-ix
784 3075 944 3124 Terras
974 3076 1026 3123 in
1047 3077 1234 3124 Lunam
1253 3086 1393 3140 atque
1410 3077 1566 3126 Lunoe

327 3137 382 3186 in
418 3139 624 3196 Terram,
663 3139 863 3188 altitudo
898 3139 1030 3188 fluidi
1072 3141 1249 3188 lunaris
1278 3141 1328 3188 in
1360 3143 1568 3204 partibus

327 3203 554 3263 proximis
575 3213 622 3250 et
643 3203 960 3251 remotissimis
989 3203 1131 3267 supra
1161 3206 1357 3269 globum
1391 3207 1562 3263 Lunae,

329 3277 451 3315 esset
482 3267 542 3314 ad
573 3268 867 3316 altitudinem
899 3268 1033 3316 fluidi
1063 3269 1299 3317 terrestris
1321 3270 1567 3333 analogum

1631 3081 1781 3130 -bitur
1812 3078 2137 3143 aequilibrium,
2172 3077 2265 3126 nisi
2296 3075 2529 3138 -spbaerois
2561 3074 2899 3148 Luna-vum

1654 3160 1795 3192 suum
1820 3145 2000 3193 Telluri
2021 3145 2225 3191 obvertat
2248 3143 2387 3204 (109)
2407 3159 2423 3198 ;
2455 3155 2597 3202 quare
2618 3140 2669 3188 in
2688 3133 2782 3185 allo
2803 3145 2898 3184 situ

1659 3223 1823 3268 corpus
1844 3206 2006 3255 lunare
2058 3205 2258 3252 ulescere
2277 3221 2372 3251 non
2394 3213 2557 3263 potest,
2582 3201 2663 3248 sed
2685 3203 2745 3247 ad
2765 3201 2897 3247 hunc

1655 3271 1797 3320 situm
1828 3271 2017 3318 oscillan
2050 3285 2080 3316 o
2111 3283 2291 3328 semper
2320 3267 2501 3314 redibit.
2574 3267 2799 3312 Attamen
2821 3278 2897 3308 os-

329 3329 474 3391 aupm
489 3331 684 3394 globum
709 3333 869 3379 Terrae
887 3343 944 3379 ut
965 3333 1188 3381 diameter
1209 3334 1365 3381 Lunoe
1385 3334 1445 3382 ad
1465 3335 1566 3382 dia-

331 3405 537 3442 metrum
579 3396 750 3444 Terrae.
825 3396 1026 3455 Rursus,
1070 3399 1110 3444 si
1150 3397 1296 3446 Terra
1335 3407 1384 3445 et
1428 3399 1570 3446 Luna

330 3459 538 3520 aequales
578 3460 780 3507 habeant
817 3458 1077 3518 diametros,
1123 3472 1262 3509 erunt
1301 3462 1572 3510 altitudines

332 3521 468 3569 fluidi
498 3525 637 3578 supra
669 3524 832 3583 globos
862 3533 918 3569 ut
950 3526 1193 3580 gravitates
1233 3525 1572 3574 accelerati-icen

322 3585 574 3643 respective
590 3585 758 3662 (Prop-
779 3587 1032 3638 LXXIV.
1053 3591 1159 3638 Lib.
1184 3593 1258 3655 1.)
1347 3591 1508 3666 Quage
1526 3591 1568 3636 si

323 3661 476 3708 neque
496 3661 696 3710 gravitas
717 3653 1006 3700 accelerati-ix
1030 3655 1080 3700 in
1099 3655 1288 3704 Lunam
1307 3654 1498 3716 aequalis
1507 3653 1568 3700 sit

323 3712 558 3772 gravitatis
591 3715 896 3766 acceleratrici
936 3717 1090 3764 Lunoe
1127 3719 1179 3764 in
1219 3720 1429 3772 Terram,
1479 3731 1568 3764 nec

321 3773 548 3822 diameter
588 3776 740 3825 Lunae
777 3779 1002 3827 diametro
1045 3782 1205 3829 Terra
1246 3780 1450 3843 aequalis,
1495 3780 1566 3826 vis

326 3837 484 3884 Terrae
505 3838 563 3886 ad
586 3840 862 3890 elevandum
887 3842 1084 3890 fluidum
1107 3845 1154 3890 in
1176 3845 1383 3905 partibus
1397 3843 1567 3890 citimis

322 3909 372 3947 et
407 3901 582 3948 ultimis
613 3904 700 3950 erit
729 3905 788 3950 ad
822 3906 914 3952 vim
945 3907 1093 3966 ipsam
1127 3909 1279 3955 Lunae
1371 3923 1412 3953 ω
1436 3922 1566 3954 mare

323 3975 533 4011 nostrum
567 3967 615 4012 in
647 3970 854 4026 partibus
873 3980 920 4016 et
940 3973 1028 4016 sub
1061 3970 1272 4019 Lunam
1350 3985 1458 4018 unae
1479 3984 1564 4030 op·

323 4028 484 4086 positis
513 4029 752 4088 attollitur,
789 4040 842 4079 ut
872 4034 1070 4094 gravitas
1089 4035 1380 4082 acceleratrix
1410 4034 1566 4081 Lunae

301 4089 374 4164 sin
410 4090 604 4138 Terram
633 4095 693 4140 ad
724 4096 996 4156 gravitatem
1016 4098 1382 4146 acceleratricem
1408 4098 1566 4145 Terrae

324 4167 374 4200 m
420 4155 624 4212 Lunam,
669 4168 714 4205 et
735 4159 960 4206 diameter
997 4161 1148 4208 Lunoe
1183 4162 1245 4210 ad
1284 4162 1566 4208 diametrum

327 4216 486 4264 Terrae
517 4220 818 4282 conjunctim,
855 4223 950 4270 sive
991 4232 1046 4271 ut
1087 4239 1236 4272 massa
1273 4226 1428 4273 Lunae
1461 4239 1566 4286 quae

321 4282 534 4342 gravitati
555 4285 858 4332 acceleratrici
890 4296 960 4334 est
990 4289 1341 4347 proportionalis
1361 4288 1420 4335 ad
1442 4304 1566 4335 mas·

321 4359 422 4390 sam
441 4346 596 4392 Terrae
608 4363 713 4408 quae
734 4349 894 4395 itidem
915 4352 1125 4412 gravitati
1147 4353 1248 4414 ejus
1261 4351 1565 4400 accelerati-ici

319 4417 392 4454 est
413 4411 777 4468 proportionalia
811 4421 858 4459 et
881 4425 934 4461 ut
953 4414 1176 4462 diameter
1209 4417 1363 4462 Lunae
1385 4416 1444 4462 ad
1465 4415 1566 4462 dia—

320 4482 524 4520 metrum
549 4473 705 4520 Terrae
728 4477 1025 4539 conjunctim.
1099 4480 1178 4526 De
1195 4477 1347 4542 figura
1367 4479 1568 4540 eorporis

325 4533 481 4610 Lunjae
501 4551 623 4583 nova
643 4536 786 4600 quam
813 4541 1015 4600 plurima
1035 4551 1174 4604 atque
1195 4543 1362 4590 eximia
1393 4545 1566 4590 haben-

321 4605 401 4708 ἓιῐι·
438 4615 493 4673 ,ιιι
534 4599 946 4652 Dissertationibus
983 4604 1042 4652 de
1079 4605 1239 4654 Fluxu
1273 4615 1320 4654 et
1361 4605 1568 4656 Refluxu

385 4677 485 4708 aris.

388 4726 451 4790 (⁸)
477 4731 502 4758 ⁹
528 4729 649 4777 Inde
683 4727 784 4778 verb
799 4733 880 4796 fit·
956 4733 1198 4788 Quoniam·
1226 4734 1428 4782 maxima
1459 4732 1556 4781 dia-

1653 3335 1925 3391 cillationes,
1958 3336 2019 3380 ob
2037 3331 2309 3393 parvitatem
2332 3331 2498 3376 virium
2520 3327 2572 3374 in
2591 3327 2787 3374 minimo
2807 3325 2897 3372 sci-

1653 3397 1763 3446 licet
1782 3397 1881 3445 axis
1900 3397 2086 3460 majoris
2105 3394 2245 3455 supra
2264 3393 2493 3441 minorem
2514 3407 2718 3448 excessu,
2744 3399 2895 3437 essent

1653 3461 1795 3524 longe
1826 3461 2109 3515 tardissimas,
2144 3457 2263 3507 adeo
2286 3467 2338 3505 ut
2359 3472 2454 3505 non
2474 3457 2686 3504 turbetur
2714 3453 2892 3501 lunaris

1651 3526 1808 3572 moniis
1828 3522 1950 3572 circa
1970 3539 2103 3570 axem
2124 3523 2422 3584 nquabilitas,
2452 3517 2653 3581 ideoque
2676 3524 2781 3582 (per
2800 3525 2895 3564 not.

1651 3589 1705 3635 in
1729 3590 1870 3649 Prop.
1894 3589 2103 3650 XVII.)
2124 3587 2265 3634 facies
2284 3586 2365 3634 illa
2384 3599 2490 3648 quoe
2505 3585 2695 3630 Terram
2713 3595 2895 3640 semper

1651 3655 1879 3712 respicere
1911 3651 2112 3710 deberet,
2146 3651 2290 3712 possit
2323 3649 2520 3697 alterum
2558 3646 2681 3692 orbis
2717 3643 2895 3691 lunaris

1651 3716 1927 3763 umbilicum
1946 3718 2183 3776 respicere,
2202 3729 2351 3778 neque
2371 3711 2525 3760 statim
2540 3709 2708 3758 abinde
2722 3707 2893 3756 retrahi

1653 3789 1703 3827 et
1721 3780 1770 3825 in
1796 3781 1985 3826 'serram
2008 3779 2225 3826 converti.

1716 3849 1823 3890 124.
1866 3843 2048 3890 Clarias,
2081 3844 2145 3891 D.
2170 3842 2229 3889 de
2252 3839 2439 3888 Mairan
2468 3839 2523 3886 in
2548 3832 2892 3900 elegantissima

1654 3906 1989 3954 Dissertatione
2018 3906 2079 3952 de
2123 3907 2266 3953 Motu
2304 3905 2492 3952 Diumo
2526 3901 2729 3950 TelluriS
2770 3898 2891 3946 circa

1655 3970 1827 4025 Axem,
1850 3985 1957 4032 quae
1978 3969 2149 4031 legitur
2168 3970 2219 4014 in
2243 3969 2464 4016 Monum.
2482 3967 2627 4016 Paris.
2647 3980 2722 4012 an.
2748 3966 2887 4010 1⁷29.

1649 4032 1841 4092 exponit
1860 4032 2113 4080 admodum
2136 4031 2375 4094 ingeniose
2404 4042 2542 4092 prout
2563 4042 2744 4090 semper
2762 4025 2887 4079 facit,

1649 4111 1737 4143 cur
1772 4095 1933 4143 eadem
1980 4097 2132 4144 Lunae
2166 4096 2304 4143 facies
2336 4095 2386 4142 in
2432 4095 2624 4143 Terram
2667 4087 2889 4137 continuo

1649 4161 1927 4218 obvertatun
1944 4161 2179 4222 variasque
2194 4159 2393 4219 explicat
2408 4157 2737 4220 inaequalitates
2751 4152 2892 4199 libra-

1649 4223 1790 4268 tionis
1820 4224 1997 4271 luuaris
2032 4223 2083 4269 in
2118 4223 2474 4286 longitudinem.
2562 4221 2891 4282 conjecturam

1649 4286 1761 4333 facit
1802 4287 1873 4334 vir
1912 4286 2219 4343 doctissimus,
2268 4288 2604 4348 homogeneam
2652 4295 2748 4328 non
2792 4293 2893 4326 esse

1653 4350 1809 4397 Lunae
1828 4351 2083 4408 materiam,
2118 4349 2197 4396 sed
2218 4349 2578 4408 hemispherium
2597 4343 2792 4393 inferius
2810 4357 2893 4388 su-

1653 4414 1823 4474 periori
1854 4413 2041 4476 gravius
2070 4413 2289 4473 supponit
2304 4429 2320 4469 ;
2353 4427 2447 4473 quo
2478 4413 2627 4471 posito
2646 4406 2783 4456 facile
2810 4406 2894 4452 de-

1647 4487 1881 4540 monstrat
1914 4477 2101 4524 Lunam
2138 4484 2349 4536 respectu
2374 4476 2577 4522 Telluris
2597 4475 2646 4520 in
2668 4473 2761 4519 situ
2781 4483 2895 4518 con-

1653 4541 1795 4587 stanti
1814 4555 2017 4588 manere.
2082 4541 2309 4588 observat
2329 4538 2497 4586 deinde
2517 4539 2614 4586 fieri
2646 4550 2743 4583 non
2762 4545 2898 4594 posse

1653 4613 1710 4652 ut
1730 4614 1945 4652 constans
1960 4612 2147 4651 maneat
2180 4604 2333 4650 Lunae
2355 4603 2533 4663 positio,
2568 4602 2657 4648 nisi
2684 4607 2899 4647 constans

1653 4683 1843 4729 quoque
1862 4668 1921 4714 sit
1941 4667 2157 4716 velocitas
2178 4666 2309 4713 fluidi
2342 4668 2391 4712 in
2412 4681 2505 4728 quo
2532 4667 2719 4713 Lunam
2752 4661 2901 4728 ipsam

1655 4731 1827 4780 deferri
1862 4733 2069 4780 assumit.
2142 4731 2233 4780 Sed
2267 4731 2319 4778 in
2354 4731 2485 4777 omni
2517 4728 2667 4779 orbita
2698 4726 2903 4785 elliptica
