3384 5509
422 455 616 513 '20

1135 441 1817 510 PHILOSOPHIAE
1864 441 2411 510 NATURALIS
2458 441 2603 522 [Da
2634 439 3115 508 Munn.;Srs'1·.·

527 611 835 678 distantiis
867 611 1030 678 Solis
1055 635 1098 676 a
1123 613 1345 691 Terra,
1393 613 1652 678 variatio
1679 614 1951 677 maxima
1993 600 2089 679 est
2128 615 2197 678 in
2238 615 2483 679 ratione
2509 637 2651 700 quae
2694 617 3103 700 componitur

529 743 614 786 ex
659 721 970 807 duplicata
1021 722 1258 788 ratione
1288 724 1586 806 temporis
1634 723 2037 788 revolutionis
2085 725 2398 810 synodicoe
2444 725 2685 789 lunaris
2730 726 2909 811 (dato
2952 726 3101 790 anni

533 833 844 912 tempore)
873 828 1126 906 directe,
1181 842 1245 892 et
1291 829 1599 912 triplicata
1652 830 1893 892 ratione
1937 830 2247 894 distantiae
2280 831 2442 896 Solis
2494 854 2533 894 a
2584 831 2787 896 Terra
2840 830 3100 896 inverse.

536 936 610 1021 (⁶)
659 936 936 1022 Ideoque
963 939 1030 1002 in
1058 957 1322 1024 apogoeo
1355 935 1516 1002 Solis
1547 937 1805 1003 variatio
1832 943 2109 1004 maxima
2134 952 2232 1002 est
2262 942 2383 1006 33'.
2420 943 2557 1017 ΙΨ,
2590 952 2655 1003 et
2682 942 2749 1004 in
2777 941 2909 1024 ejus
2937 941 3100 1024 peri-

534 1110 726 1158 effectus
746 1117 872 1158 totus
905 1131 938 1158 a
963 1114 1010 1158 A
1043 1109 1132 1157 erit
1163 1119 1221 1157 ut
1251 1109 1529 1174 quadratum
1567 1111 1789 1171 temporis

534 1188 620 1234 per
637 1175 763 1237 quod
783 1173 878 1222 inae
895 1174 1016 1220 vires
1035 1183 1332 1236 geruntper
1349 1175 1456 1221 Cor.
1483 1177 1522 1222 1.
1554 1173 1690 1222 Lem.
1712 1175 1783 1221 X.

537 1237 645 1286 Lib.
670 1239 713 1286 Ι.
739 1235 938 1302 ἰόεόςιιε
961 1248 1007 1284 Π
1032 1248 1083 1285 Ψ
1103 1238 1264 1284 crescit
1284 1236 1543 1284 secundum
1564 1238 1790 1300 quadrata

533 1309 812 1361 temporum.

600 1365 744 1412 Idem
768 1365 1157 1414 demonstrabitur
1192 1365 1252 1412 de
1283 1365 1497 1426 portione
1525 1365 1789 1414 variationis

537 1439 588 1476 Ψ
607 1451 642 1476 u
673 1445 780 1491 quae
811 1429 980 1488 pendet
1017 1444 1073 1476 ex
1107 1430 1434 1477 acceleratione
1470 1428 1790 1489 descriptionis

533 1507 685 1550 ποις
729 1493 901 1554 quippe
934 1495 1230 1540 manentibus
1253 1491 1481 1540 ‘omnibus
1511 1501 1568 1540 ut:
1596 1492 1646 1538 in
1685 1503 1783 1539 not.

539 1560 646 1603 112.
670 1565 718 1603 et
737 1557 816 1619 fig.
846 1555 916 1604 8⁸.
953 1567 1082 1604 recta
1103 1559 1144 1605 C
1172 1560 1217 1605 A
1239 1557 1392 1620 majus
1421 1566 1606 1616 tempus
1635 1556 1791 1619 desig·

533 1633 646 1666 nare
658 1630 912 1677 censeatur,
928 1631 974 1667 et
985 1631 1138 1680 partes
1153 1621 1198 1668 P
1210 1638 1240 1681 p
1255 1620 1547 1681 tempuscula
1559 1620 1609 1666 in
1621 1621 1787 1668 eadem

533 1684 713 1730 ratione
727 1683 952 1747 longiora,
975 1685 1112 1731 lineae
1130 1685 1172 1732 P
1191 1685 1248 1732 M
1265 1684 1510 1747 designant
1525 1684 1789 1732 velocitates

533 1747 715 1810 genitas
745 1747 940 1794 durante
961 1757 1199 1796 momento
1236 1747 1280 1795 P
1301 1764 1348 1808 p,
1384 1748 1424 1794 si
1457 1763 1569 1810 ergo
1600 1747 1648 1794 id
1681 1761 1785 1794 mo-

533 1819 750 1858 mentum
790 1821 962 1858 crescat
1004 1813 1176 1859 viribus
1215 1812 1578 1876 generatricibus
1619 1812 1785 1858 iisdem

533 1875 844 1932 manentibus,
866 1875 1130 1924 velocitates
1147 1878 1318 1940 genita!
1351 1877 1394 1922 P
1415 1877 1476 1922 M
1497 1886 1705 1922 crescent
1734 1875 1787 1922 in

533 1938 828 1999 proportione
848 1939 1078 2000 temporis,
1103 1949 1150 1986 et
1169 1941 1280 2002 quia
1305 1939 1348 1987 P
1366 1956 1398 2001 p
1422 1940 1484 1986 M
1503 1954 1552 1985 m
1574 1939 1787 2001 designat

534 2003 784 2063 spatiolum
804 2000 888 2050 illa
908 2002 1148 2052 velocitate
1168 2019 1456 2064 percursum,
1480 2013 1786 2066 crescuntque

533 2077 584 2114 et
623 2066 752 2114 PM
784 2077 831 2114 et
872 2067 967 2127 Pp
1000 2067 1051 2113 in
1085 2067 1264 2115 ratione
1293 2077 1572 2126 temporum,
1613 2076 1787 2114 crescet

538 2128 584 2177 P
606 2130 669 2177 M
685 2145 737 2176 m
757 2145 790 2190 p
810 2129 862 2178 in
881 2131 1059 2177 ratione
1079 2129 1318 2191 duplicata
1335 2141 1616 2190 temporum,
1651 2129 1785 2177 cum-

524 2207 628 2256 que
659 2193 848 2258 singula
867 2195 1098 2242 elementa
1117 2209 1270 2242 curvae
1307 2195 1358 2240 in
1394 2193 1453 2241 ea
1488 2194 1785 2254 proportione

533 2266 1054 2314 creseansettotaar
1150 2257 1785 2318 CAILeteiaequalis

537 2320 580 2368 C
604 2321 730 2371 A.x
755 2321 818 2378 Y,
851 2321 1040 2383 ejusque
1094 2321 1105 2332 ‘
1159 2321 1252 2368 idia
1277 2322 1318 2369 C
1345 2323 1456 2376 QZ
1481 2319 1785 2368 Yineadem

531 2385 830 2448 proportione
843 2395 1072 2442 cresee11t3
1095 2399 1151 2434 ex
1166 2385 1260 2448 qud
1275 2385 1314 2432 ai
1330 2385 1596 2432 detrahatur
1615 2386 1656 2432 C
1678 2386 1730 2440 Q
1744 2387 1783 2432 Z

703 2448 756 2494 in
799 2445 964 2512 eadem
1010 2450 1304 2510 proportione
1345 2450 1502 2506 crevit,
1551 2449 1786 2510 reliquum

461 2571 466 2576 ¹
538 2511 581 2560 C
605 2513 644 2559 Z
671 2513 717 2560 Y
735 2511 862 2574 quod
882 2527 1001 2560 arem
1021 2513 1261 2560 variationi
1281 2513 1499 2561 maximae
1521 2524 1570 2561 Ψ
1596 2512 1642 2560 Τ
1662 2535 1696 2560 u
1718 2522 1788 2561 est

531 2576 888 2637 proportionale,
921 2587 1092 2624 crescet
1113 2577 1253 2624 etiam
1283 2578 1334 2623 in
1363 2575 1529 2624 eadem
1549 2575 1788 2637 duplicata

531 2639 712 2688 ratione
743 2649 1020 2701 temporum,
1059 2649 1278 2688 manente
1313 2641 1468 2704 itaque
1505 2641 1634 2688 radio
1669 2641 1716 2689 T
1736 2665 1783 2697 ω,

531 2702 632 2764 ipse
651 2719 786 2752 arcus
808 2715 857 2752 Ψ
878 2727 911 2753 u
933 2715 1103 2752 crescet
1123 2705 1172 2751 in
1194 2702 1433 2766 duplicata
1467 2704 1645 2752 ratione
1666 2713 1785 2752 tem.

531 2781 716 2828 porum.

600 2831 733 2878 Hinc
753 2830 864 2879 cum
904 2841 950 2880 Π
976 2844 1025 2890 ,Ψ
1063 2841 1234 2880 crescat
1265 2831 1319 2878 in
1351 2829 1588 2892 duplicata
1607 2834 1786 2881 ratione

531 2903 813 2955 temporum,
846 2904 950 2942 tum
970 2897 1111 2943 etiam
1143 2907 1194 2944 Ψ
1215 2918 1263 2953 ω,
1297 2911 1480 2942 summa
1500 2896 1656 2958 itaque
1679 2907 1727 2944 Π
1752 2920 1785 2945 ω

532 2957 630 3005 sive
650 2967 747 3006 tota
762 2957 951 3007 variatio
965 2969 1138 3008 crescet
1156 2959 1206 3007 in
1228 2957 1393 3006 eadem
1408 2959 1642 3019 duplicata
1663 2969 1784 3008 tem-

531 3037 703 3083 porum
721 3023 912 3070 ratione.

599 3086 725 3134 Dico
755 3097 980 3148 praeterea
1008 3088 1136 3150 quod
1172 3088 1210 3134 si
1249 3095 1481 3149 spectetur
1516 3087 1784 3136 imminutio

530 3148 725 3197 actionis
744 3151 864 3199 Solis
885 3160 1071 3212 propter
1091 3161 1275 3200 auctam
1292 3152 1570 3206 distantiam,
1596 3151 1785 3199 variatio

529 3213 736 3264 maxima
755 3214 986 3262 decrescet
1015 3215 1067 3262 in
1098 3216 1276 3264 ratione
1296 3216 1523 3277 triplicati
1547 3215 1785 3263 distantia-

529 3291 654 3336 rum,
699 3293 809 3327 nam
845 3279 1114 3342 designetur
1149 3281 1220 3326 vis
1260 3280 1505 3328 mediocris
1545 3278 1666 3348 Solis
1700 3295 1787 3344 per

534 3347 702 3468 §LK-2,
736 3382 1785 3431 estexeonmucaonesxadTMutvis

534 3521 656 3570 Solis
675 3523 772 3570 sive
792 3533 848 3572 ut
875 3491 1034 3611 §if-²
1071 3525 1129 3572 ad
1163 3527 1260 3573 vim
1295 3526 1340 3573 T
1363 3523 1438 3582 Μ,
1477 3537 1591 3588 ergo
1625 3539 1681 3572 ea
1712 3524 1781 3571 vis

872 3629 998 3676 TM

534 3663 884 3754 TMestut:S
923 3707 1020 3754 K3

1042 3678 1261 3716 manente
1292 3681 1405 3730 ergo
1429 3666 1474 3713 T
1495 3667 1556 3715 M
1577 3683 1684 3730 quae
1714 3676 1785 3716 est

529 3767 722 3830 equalis
745 3769 789 3816 P
813 3770 885 3828 T3
909 3771 978 3816 vis
1003 3771 1047 3817 T
1070 3771 1130 3817 M
1151 3786 1208 3818 ex
1230 3771 1410 3818 actione
1433 3769 1554 3816 Solis
1574 3770 1783 3830 pendens

528 3831 750 3880 decrescit
782 3842 839 3880 ut
871 3833 1193 3882 distantiarum
1227 3837 1379 3882 cubus
1411 3843 1641 3896 augetur3
1678 3851 1781 3882 ma-

527 3904 669 3942 nente
702 3911 814 3960 ergo
849 3907 1070 3958 tempore,
1106 3898 1189 3945 sed
1225 3897 1271 3945 vi
1307 3891 1488 3944 m’utatii
1523 3898 1783 3946 secundum

527 3959 754 4008 rationem
767 3961 1057 4021 triplicatam,
1080 3960 1245 4009 eadem
1265 3961 1363 4009 fere
1378 3963 1554 4009 ratione
1573 3978 1628 4010 ac
1647 3964 1779 4024 prius

527 4023 796 4072 ostendetur
815 4035 1060 4088 utramque
1079 4025 1342 4074 variationis
1360 4026 1579 4073 maximae
1599 4037 1780 4087 partem

528 4095 577 4134 n
601 4098 652 4135 Ψ
671 4109 703 4136 u
742 4097 790 4136 et
825 4101 874 4138 Ψ·
894 4111 929 4136 u
964 4092 1063 4136 fore
1082 4089 1261 4138 inverse
1280 4090 1331 4137 in
1351 4091 1528 4138 ratione
1547 4089 1780 4151 triplicata

526 4149 678 4199 damn·
678 4153 846 4199 tiarum
894 4154 1014 4200 Solis
1027 4173 1044 4213 3
1092 4157 1289 4265 Ιιίηιῖικ
1324 4158 1378 4203 in
1418 4157 1552 4204 vav-123⁰
1594 4157 1706 4203 Solis
1748 4172 1779 4202 a

535 4215 681 4264 Ten-d
703 4220 925 4286 distqntiis
959 4235 1066 4282 quen
1101 4222 1154 4268 in
1223 4219 1311 4266 atis
1343 4219 1457 4267 anni
1495 4219 1781 4279 temporibus

527 4290 783 4337 recurrunt,
797 4285 1063 4330 variationes
1075 4286 1287 4331 maa-ima
1301 4293 1436 4332 erunt
1450 4286 1570 4330 inter
1581 4299 1627 4330 se
1640 4287 1690 4331 in
1702 4301 1780 4330 ra·

527 4344 648 4391 tione
668 4343 898 4406 duplicat&
911 4349 1168 4405 durationis
1183 4350 1346 4396 mensis
1360 4350 1566 4409 synodici
1589 4363 1638 4394 eo
1664 4355 1781 4394 tem-

521 4421 646 4468 pore,
671 4417 711 4454 et
735 4409 963 4469 triplicat&
983 4411 1156 4460 inverse
1177 4414 1406 4460 distantia»
1419 4413 1531 4458 Solis
1552 4428 1584 4457 a
1613 4407 1777 4458 Terra.

595 4470 662 4534 (ο)
701 4476 723 4500 ·
751 4475 964 4536 Ideoque,
989 4476 1072 4522 διο.
1146 4475 1224 4522 Ex
1254 4475 1328 4521 his
1348 4485 1396 4522 et
1415 4473 1783 4535 praecedentibus

529 4531 666 4582 facile
685 4535 962 4598 intelligitur
985 4538 1205 4586 Newtoni
1225 4537 1448 4594 calculus,
1471 4537 1510 4584 si
1529 4538 1660 4598 prius
1677 4540 1783 4584 haec

533 4597 767 4659 Principia
787 4609 1073 4649 revocentur.

598 4661 668 4710 10.
741 4663 792 4710 Si
828 4664 1010 4713 dicatur
1045 4681 1094 4713 m
1132 4665 1352 4714 distantia
1371 4665 1618 4714 mediocris
1643 4664 1782 4723 solis,

1850 1111 1911 1158 sit
1949 1113 2002 1174 ss
2024 1129 2051 1160 e
2088 1129 2299 1161 excessus
2336 1115 2409 1161 vel
2442 1114 2651 1162 defectus
2684 1115 2783 1176 ejus
2814 1113 3041 1160 distantiat
3073 1128 3100 1159 a

1850 1175 2071 1224 mediocri
2090 1176 2311 1225 distantia
2342 1179 2391 1224 in
2423 1178 2527 1225 loco
2548 1179 2713 1240 quovis
2732 1176 2866 1235 dato;
2900 1177 3099 1238 denique

1850 1240 2031 1288 dicatur
2067 1257 2091 1288 s
2129 1243 2251 1290 Solis
2270 1252 2427 1290 motus
2458 1243 2670 1290 horarius
2703 1240 2959 1294 mediocris,
2996 1240 3101 1287 dico

1850 1304 1977 1367 quod
2015 1305 2136 1353 Solis
2170 1315 2327 1353 motus
2345 1305 2557 1353 horarius
2592 1305 2643 1352 in
2680 1306 2784 1352 loco
2804 1306 2967 1367 quovis
3003 1319 3102 1350 suaa

1852 1409 2013 1456 orbita·
2033 1409 2319 1470 exprimetur
2338 1425 2421 1471 per
2440 1411 2746 1473 quantitatem
2764 1371 2999 1514 ἐξα.

1921 1520 2406 1579 sitenimTTerra;
2447 1505 3104 1581 Psol;TP1iareahorae

1852 1592 2061 1643 tempore
2098 1582 2337 1646 descripta,
2378 1585 2479 1646 ejus
2515 1600 2634 1634 areae
2668 1583 2797 1630 valor
2829 1583 2980 1630 ubivis
3016 1581 3105 1628 erit

1850 1661 2031 1708 semper
2050 1647 2191 1706 idem,
2214 1647 2274 1696 sit
2295 1665 2326 1710 p
2346 1664 2378 1712 q
2398 1664 2533 1698 arcus
2554 1648 2685 1696 radio
2709 1648 2754 1695 Τ
2774 1663 2805 1708 p
2827 1645 3098 1706 descriptus,

2108 1859 2861 2021 1·μῶ

1848 2131 1931 2193 qui
1962 2133 2025 2180 ob
2062 2130 2364 2194 exiguitatem
2390 2129 2513 2178 sumi
2534 2137 2685 2190 potest
2724 2137 2777 2174 ut
2812 2127 2963 2188 ipsum
2997 2143 3101 2189 per·

1846 2195 2152 2256 pendiculum
2186 2195 2235 2241 in
2270 2195 2417 2242 basim
2458 2194 2501 2242 P
2525 2193 2570 2241 T
2602 2191 2867 2248 demissum,
2902 2189 3102 2254 ideoque

1848 2262 1909 2307 ob
1930 2275 2059 2307 areas
2070 2259 2220 2306 ubivis
2235 2257 2435 2320 aequalea
2456 2258 2495 2304 is
2516 2272 2650 2304 arcus
2662 2256 2750 2302 erit
2762 2255 2909 2302 ubivis
2921 2255 3099 2303 inverse

1848 2333 1904 2370 ut
1922 2324 2045 2372 basis
2069 2325 2112 2371 T
2138 2323 2196 2379 P,
2230 2321 2313 2370 sed
2334 2337 2559 2369 numerus
2578 2321 2813 2384 graduum
2846 2319 2948 2381 ejus
2968 2335 3101 2366 arcus

1846 2403 1880 2448 p
1900 2404 1931 2450 q
1962 2396 2034 2435 est
2052 2385 2227 2434 directe
2246 2396 2301 2433 ut
2321 2385 2362 2432 is
2382 2388 2481 2446 ipse
2507 2399 2641 2432 arcus
2662 2393 2710 2430 et
2730 2382 2906 2430 inverse
2926 2394 2981 2430 ut
3000 2385 3101 2445 ejus

1848 2452 2009 2498 radius
2048 2451 2093 2500 T
2114 2466 2145 2510 p
2178 2451 2275 2498 aive
2310 2450 2355 2498 T
2381 2449 2436 2506 P,
2476 2465 2590 2511 ergo
2610 2463 2835 2494 numerus
2866 2447 3099 2508 graduum
3190 2498 3213 2515 .

1850 2516 1951 2577 ejus
1972 2514 2106 2562 arcus
2140 2530 2173 2574 p
2194 2530 2225 2576 q
2258 2521 2329 2560 est
2362 2515 2413 2562 in
2450 2513 2629 2560 ratione
2649 2509 2883 2571 duplicata
2918 2508 3101 2557 inversa

1849 2579 1969 2626 radii
2007 2580 2051 2627 T
2088 2578 2148 2634 P,
2186 2579 2227 2624 is
2262 2577 2374 2627 vero
2410 2591 2637 2624 numerus
2668 2574 2885 2634 exprimit
2919 2583 3100 2620 motum

1856 2643 1976 2690 Solis
2010 2642 2261 2696 horarium,
2302 2655 2415 2704 ergo
2454 2640 2575 2688 Solis
2594 2649 2751 2685 motus
2772 2637 2994 2694 horarius,
3032 2646 3099 2684 est

1848 2705 2028 2755 inverse
2067 2715 2122 2754 ut
2154 2705 2435 2767 quadratum
2457 2703 2572 2751 radii
2597 2703 2641 2750 T
2667 2702 2711 2750 P
2722 2719 2738 2759 ς
2772 2700 2882 2748 cum
2920 2717 3031 2776 ergo
3049 2703 3099 2747 in
3132 2739 3137 2744 .

1848 2767 2713 2823 distantiamediocriestTP=Q
2746 2765 2796 2812 in
2826 2763 3099 2827 quamam
3147 2765 3154 2770 ·
3255 2788 3264 2797 -

1848 2872 2157 2922 distantiaest
2195 2872 2614 2932 Tszsse,
2652 2878 2857 2932 ergoest
2890 2835 2988 2954 x51--2-
3040 2867 3099 2915 ad

1966 2981 1991 3026 1
2414 2974 2554 3022 sm²

2138 3025 2194 3063 ut
2212 3029 2238 3061 s
2257 3014 2318 3061 ad
2630 3012 2758 3076 quod
2770 3012 2987 3072 exprimit
2998 3027 3096 3059 mo-

1849 3061 1922 3121 (m
1942 3061 2003 3116 ὲ-
2022 3057 2072 3118 e)
2088 3059 2111 3085 ²
2352 3059 2425 3119 (m
2447 3057 2507 3114 ss
2524 3056 2573 3116 e)
2588 3057 2612 3082 ²

1846 3130 1951 3168 tum
1973 3120 2205 3170 horarium
2234 3116 2355 3166 Solis
2374 3118 2424 3165 in
2446 3115 2611 3180 quavis
2630 3114 2849 3166 distantia
2874 3116 2918 3164 T
2944 3116 2999 3164 P.

1914 3185 1978 3232 In
1998 3179 2218 3232 distantia
2236 3182 2463 3230 mediocri
2482 3183 2713 3230 evanescit
2732 3181 2964 3290 qllilagtsims
2998 3182 3056 3242 ἐ·-
3070 3196 3097 3228 e

2777 3339 2829 3370 m
2845 3327 2869 3354 2

1847 3286 2046 3352 ideoque
2067 3295 2223 3335 motus
2242 3285 2454 3334 horarius
2473 3285 2571 3333 illic
2586 3285 2737 3334 evadit
2904 3304 2974 3329 =
2990 3301 3013 3331 s
3026 3299 3094 3330 se-

1847 3392 2057 3440 cundum
2079 3391 2385 3452 hypothesim.

1912 3457 1987 3504 20.
2051 3454 2214 3502 Posito
2236 3455 2425 3502 Lunam
2447 3468 2629 3514 semper
2664 3453 2837 3500 moveri
2860 3461 2991 3500 motu
3015 3466 3097 3497 suo

1844 3521 2027 3568 horario
2060 3519 2299 3575 mediocri,
2340 3518 2422 3580 qui
2458 3518 2640 3565 dicatur
2675 3518 2710 3574 1,
2747 3517 2893 3578 sitque
2930 3532 2963 3576 p
3000 3519 3099 3578 eJus

1844 3594 2033 3644 tempus
2045 3583 2335 3644 periodicum
2348 3581 2471 3630 inter
2486 3583 2615 3637 fixas,
2634 3579 2818 3628 duratio
2834 3581 3007 3626 mensis
3025 3594 3097 3639 sy-

1846 3649 2002 3696 nodici
2013 3647 2177 3710 quovis
2197 3647 2248 3693 in
2268 3646 2373 3693 loco
2387 3646 2548 3693 orbitae
2568 3645 2774 3693 Telluris
2789 3645 2911 3690 circa
2927 3641 3095 3696 Solem,

1845 3777 2129 3838 exprimetur
2150 3790 2233 3835 per
2252 3774 2559 3837 quantitatem
2572 3724 3095 3806 -ω-Ξε-Ι-α-ἕ-ι-*Ρ-

1848 3921 1944 3970 sive
1956 3917 2103 3967 divisa
2122 3916 2212 3966 hac
2224 3919 2481 3982 quantitate
2500 3931 2583 3976 per
2602 3923 2891 3964 constantem
2918 3875 2999 3950 1-13
3020 3916 3101 3962 fiet

1841 4063 2015 4114 mensis
2035 4062 2287 4126 synodicus
2321 4071 2377 4111 ut
2734 4116 2764 4155 2
2786 4111 2802 4154 l
2824 4125 2852 4156 e
2966 4125 2994 4156 e
3010 4110 3033 4140 2
3058 4102 3094 4154 ι,

2421 4147 2697 4208 ¹-⁵ss
2749 4149 3080 4235 3413

1848 4258 1975 4305 Nam
2013 4256 2195 4304 dicatur
2234 4270 2265 4301 x
2304 4267 2531 4301 numerus
2566 4252 2801 4314 graduum
2838 4267 2981 4313 quem
3022 4254 3100 4300 Sol

1844 4323 2060 4368 emetitur
2080 4321 2279 4367 durante
2299 4315 2463 4380 quovis
2484 4331 2645 4362 mense
2666 4316 2900 4376 synodico,
2937 4331 3101 4364 nume·

1844 4401 1925 4432 rus
1946 4383 2180 4448 graduum
2218 4397 2360 4444 quem
2387 4382 2529 4429 Luna
2548 4380 2713 4427 eodem
2751 4390 2959 4440 tempore
2979 4397 3102 4428 eme·

1845 4449 2000 4505 tietun
2039 4448 2129 4495 erit
2160 4453 2259 4495 360
2283 4447 2348 4511 -Ιι-
2374 4461 2421 4504 x,
2461 4446 2548 4493 erit
2569 4459 2681 4506 ergo
2718 4451 2875 4490 motus
2897 4445 3104 4493 horarius

1847 4553 2003 4602 Lunae
2033 4553 2052 4600 1
2084 4552 2145 4599 ad
2175 4559 2359 4600 motum
2390 4549 2628 4598 horarium
2660 4545 2781 4594 Solis
2849 4523 2898 4554 m
2918 4507 2943 4539 2
2964 4525 2987 4556 Β

2980 4575 2985 4577 -
3049 4555 3103 4596 ut

1848 4660 3101 4729 860÷xadx,etdividendomfiss2mel†

2804 4596 3035 4660 mssel²
