3384 5509
309 427 542 494 Lmen
565 427 928 512 Titurium]
981 427 1468 498 PRINCIPIA
1500 429 2257 499 MATHEMATICA.
2771 442 2800 496 1
2812 443 2886 500 31

305 607 648 692 superabit.
740 608 997 676 Minore
1036 611 1229 700 igitur
1271 601 1416 677 cum
1455 611 1763 678 diametro
1802 623 2141 698 apparente
2181 612 2325 696 plus
2374 609 2532 676 lucis
2580 611 2889 691 emittens,

304 715 507 780 multe
536 717 736 805 magis
765 719 1172 784 illustrabitur
1197 743 1240 786 a
1271 721 1437 799 Sole,
1468 722 1737 808 ideoque
1764 723 1885 814 erit
1914 723 2047 788 Soli
2085 720 2285 786 multo
2311 721 2590 806 propior.
2685 721 2892 798 Quin-

306 825 495 889 etiam
520 827 731 911 capita
759 829 875 892 sub
910 827 1056 893 Sole
1081 822 1523 908 delitescentia,
1557 819 1634 894 et⁹
1647 830 1879 895 caudas
1908 828 2052 894 cum
2080 829 2383 894 maximas
2409 841 2543 892 tum
2564 827 2891 916 fulgentis·

305 938 495 1001 simas
525 938 722 1002 instar
748 937 1022 1004 trabium
1049 937 1388 1028 ignitarum
1415 961 1864 1027 nonnunquam
1884 939 2245 1018 emittentia,
2268 939 2491 1004 eodem
2520 953 2891 1027 argumento
2914 1011 2923 1016 ,

301 1043 466 1106 infra
506 1044 728 1109 orbem
775 1045 1035 1109 Veneris
1079 1042 1373 1110 collocari
1405 1047 1664 1112 debent.
1756 1041 1921 1111 Nam
1960 1047 2073 1110 lux
2099 1043 2207 1112 illa
2234 1047 2437 1110 omnis
2467 1046 2520 1110 si
2548 1047 2614 1110 in
2642 1047 2889 1112 stellam

302 1153 677 1239 congregari
721 1161 1126 1238 supponatur,
1173 1154 1376 1239 ipsam
1418 1155 1733 1221 Venerem
1773 1178 1856 1220 ne
1896 1156 2103 1220 dicam
2143 1156 2425 1222 Veneres
2467 1157 2684 1254 plures
2736 1179 2887 1220 con-

294 1259 546 1344 junctas
575 1259 951 1346 quandoque
981 1274 1320 1344 superaret.

388 1368 572 1432 Idem
613 1369 880 1456 denique
923 1364 1238 1458 colligitur
1279 1393 1362 1435 ex
1402 1370 1544 1435 luce
1583 1373 1861 1456 capitum
1904 1383 2221 1436 crescente
2262 1371 2329 1436 in
2379 1394 2629 1437 recessu
2676 1393 2883 1437 come·

297 1485 510 1540 tarum
551 1499 591 1540 a
634 1477 836 1542 Terra
883 1478 1096 1543 Solem
1137 1475 1371 1558 versun,
1417 1501 1494 1544 ac
1535 1478 1932 1543 decrescente
1977 1481 2045 1542 in
2090 1501 2313 1543 eorum
2354 1501 2601 1544 recessu
2617 1519 2626 1524 —
2644 1503 2683 1543 a
2734 1481 2883 1544 Sole

297 1582 517 1646 versus
571 1583 858 1648 Terram.
981 1583 1086 1650 Sic
1133 1585 1303 1649 enim
1360 1597 1604 1650 cometa
1655 1587 1968 1671 posterior
2016 1587 2167 1651 anni
2228 1590 2415 1652 1665.
2489 1588 2882 1673 (observante

301 1676 610 1772 Herelie)
653 1711 737 1756 ex
781 1713 908 1780 quo
944 1693 1224 1776 conspici
1267 1694 1477 1778 coepit,
1522 1693 1879 1758 remittebat
1920 1713 2167 1778 semper
2208 1692 2291 1756 de
2328 1703 2509 1756 motu
2546 1715 2661 1756 suo
2691 1716 2883 1779 appa-

295 1817 496 1885 rente,
542 1806 810 1893 ideoque
852 1809 1238 1892 praeterierat
1277 1809 1661 1895 perigaeum3
1706 1803 2004 1892 splendor
2030 1805 2181 1888 verb
2220 1787 2437 1891 capitis
2477 1806 2883 1892 nihilominus

295 1913 499 1980 indies
542 1915 880 1994 crescebat,
925 1939 1123 2002 usque
1152 1917 1304 1981 dum
1333 1929 1576 1982 cometa
1615 1917 1807 1981 radiis
1836 1915 2140 1980 solaribus
2170 1918 2452 1980 obtectus
2481 1917 2663 1980 desiit
2690 1938 2883 2000 appa-

295 2043 458 2086 rere.
555 2023 820 2087 Cometa
867 2024 1016 2087 anni
1065 2033 1251 2089 1683.
1295 2023 1692 2109 (observante
1732 2024 1954 2089 eodem
2008 2023 2306 2104 Hevelio)
2353 2025 2420 2087 in
2470 2024 2599 2088 fine
2648 2025 2883 2088 mensis

295 2129 470 2207 sulii,
503 2129 615 2192 ubi
640 2129 914 2214 primum
944 2143 1310 2214 conspectus
1339 2143 1453 2209 est,
1485 2131 1837 2196 tardissime
1864 2131 2247 2210 movebatur,
2290 2133 2533 2196 minuta
2558 2132 2766 2216 prima
2794 2140 2881 2196 40

295 2241 398 2304 vel
448 2249 532 2306 45
565 2242 811 2305 circiter
852 2242 1110 2330 singulis
1153 2242 1373 2307 diebus
1417 2244 1483 2306 in
1525 2244 1681 2306 orbe
1724 2264 1838 2306 suo
1874 2241 2231 2308 conficienS.
2321 2242 2429 2307 Ex
2474 2263 2553 2306 eo
2598 2255 2885 2326 tempore

295 2361 504 2412 motus
551 2351 684 2434 ejus
728 2347 988 2412 diurnus
1027 2347 1338 2434 perpetuo
1379 2349 1729 2436 augebatur
1754 2369 1951 2434 usque
1976 2347 2061 2412 ad
2094 2347 2266 2433 Sept.
2298 2357 2360 2412 4.
2390 2347 2646 2434 quando
2690 2347 2885 2411 evasit

299 2448 615 2540 graduum
647 2453 822 2538 quasi
844 2454 1134 2544 quinque.
1225 2453 1428 2541 Igitur
1455 2465 1590 2546 toto
1615 2453 1739 2516 hoc
1784 2465 2063 2537 tempore
2092 2464 2336 2516 cometa
2363 2453 2446 2516 ad
2478 2453 2745 2516 Terram
2774 2475 2887 2536 ap-

297 2552 782 2645 propinquabat.
874 2559 955 2622 Id
995 2559 1165 2644 quod
1195 2560 1382 2623 etiam
1410 2581 1491 2623 ex
1520 2558 1825 2622 diametro
1854 2559 2073 2643 capitis
2100 2559 2498 2622 micrometro
2524 2556 2882 2622 mensurata

299 2665 652 2752 colligitur:
699 2666 933 2751 quippe
984 2687 1172 2752 quam
1220 2664 1524 2730 Hevelius
1576 2664 1809 2750 reperit
1855 2665 2023 2751 Aug.
2075 2673 2135 2729 6.
2184 2685 2317 2728 esse
2363 2675 2607 2728 tantum
2660 2665 2739 2728 6'.
2785 2665 2885 2728 δ”.

297 2775 542 2839 inclusa
585 2797 784 2853 coma,
830 2787 896 2839 at
937 2777 1110 2860 Sept.
1158 2783 1219 2840 2.
1257 2798 1398 2840 esse
1439 2778 1520 2842 9'.
1554 2777 1651 2843 7⁰.
1744 2775 1957 2861 Caput
1994 2775 2186 2863 igitur
2226 2777 2407 2842 initio
2449 2777 2637 2864 longe
2676 2777 2887 2840 minus

297 2886 588 2968 apparuit
613 2885 802 2970 quam
829 2886 895 2949 iu
923 2885 1050 2951 fine
1079 2898 1304 2963 motuS,
1329 2897 1396 2950 at
1424 2886 1602 2950 initio
1630 2897 1843 2950 tamen
1864 2885 1931 2949 in
1950 2883 2183 2950 vicinia
2211 2885 2375 2954 Solis
2403 2886 2592 2973 longe
2610 2885 2889 2952 'lucidius

299 2995 510 3058 extitit
557 2994 748 3081 quam
797 2994 966 3058 circa
1013 2995 1224 3073 finem,
1277 3007 1350 3059 ut
1395 2993 1586 3059 refert
1634 2995 1801 3058 idem
1851 2994 2179 3058 Hevelius.
2270 2993 2549 3058 Proinde
2588 3004 2721 3056 toto
2764 2992 2891 3058 hoc

295 3115 605 3188 tempore,
652 3103 736 3168 ob
777 3125 1090 3168 recessum
1131 3103 1324 3188 ipsius
1355 3126 1400 3166 a.
1425 3101 1590 3181 Sole,
1625 3103 1832 3189 quoad
1860 3102 2071 3168 lumen
2100 3101 2394 3178 decrevit,
2436 3124 2566 3186 non
2604 3100 2891 3168 obstante

296 3196 555 3273 accessu
583 3209 666 3273 ad
697 3210 980 3275 Terram.
1060 3209 1324 3282 Cometa
1345 3208 1492 3274 anni
1525 3217 1710 3274 1618.
1736 3208 1901 3273 circa
1927 3208 2203 3272 medium
2230 3207 2460 3271 mensis
2484 3206 2881 3286 Decembris,

297 3330 362 3381 et
415 3317 538 3380 iste
583 3317 734 3380 anni
782 3326 966 3381 1680.
1013 3318 1180 3382 circa
1222 3317 1414 3380 finem
1455 3316 1733 3402 ejusdem
1774 3315 2026 3392 mensiS,
2080 3312 2403 3378 celerrime
2453 3314 2885 3394 movebantur,

296 3423 570 3510 ideoque
597 3436 748 3488 tunc
775 3436 952 3489 erant
992 3426 1058 3488 in
1099 3426 1408 3514 perigaeis.
1498 3423 1739 3489 Verum
1768 3424 2063 3510 splendor
2090 3415 2399 3488 maximus
2430 3423 2705 3510 capitum
2736 3445 2885 3488 con-

297 3530 441 3617 tigit
472 3542 617 3594 ante
647 3530 802 3594 duas
831 3529 961 3595 fere
990 3531 1380 3615 septimanam,
1426 3530 1537 3595 ubi
1564 3531 1755 3595 modo
1784 3531 2072 3595 exierant
2102 3529 2183 3594 de
2212 3529 2403 3594 radiis
2434 3529 2777 3605 solaribus3
2823 3542 2887 3594 et

300 3639 600 3724 splendor
625 3641 934 3705 maximus
964 3640 1304 3705 caudarum
1331 3641 1522 3725 paulo
1551 3651 1715 3718 ante,
1747 3641 1814 3703 in
1835 3641 2070 3725 majore
2090 3639 2403 3704 vicinitate
2430 3637 2615 3704 Solis·
2676 3637 2885 3722 Caput

299 3761 568 3812 cometae
609 3749 857 3833 prioriS,
892 3751 1078 3834 juxta
1105 3749 1566 3814 observationes
1597 3747 1839 3834 Cysati,
1885 3745 2191 3813 Decemb.
2225 3755 2285 3814 1.
2315 3745 2513 3832 majus
2556 3744 2884 3810 videbatur

299 3857 494 3921 stellis
543 3857 766 3940 primae
817 3857 1284 3945 magnitudiniS,
1333 3869 1396 3924 et
1445 3857 1752 3924 Decemb.
1803 3865 1902 3922 16.
1950 3858 2109 3944 (jam
2153 3855 2221 3920 in
2261 3857 2539 3942 perigaeo
2576 3855 2880 3936 existens)

299 3965 734 4052 magnitudine
773 3987 1020 4050 parum,
1069 3965 1400 4050 splendore
1429 3987 1541 4030 seu
1571 3964 1848 4032 claritate
1887 3964 2140 4029 luminis
2182 3963 2523 4050 plurimum
2551 3963 2880 4028 defecerat.

299 4074 445 4138 Jan.
482 4080 543 4141 7.
578 4072 892 4158 Keplerus
921 4073 1003 4138 de
1031 4074 1234 4158 capite
1257 4073 1532 4138 incertus
1561 4074 1752 4140 finem
1779 4073 1926 4138 fecit
1952 4073 2339 4138 observandi.
2426 4055 2555 4140 Die
2587 4082 2615 4137 1
2628 4082 2667 4137 2
2705 4096 2880 4137 men-

301 4269 530 4330 inciperet
549 4267 690 4329 supra
708 4267 994 4316 horizontem
1013 4269 1232 4332 conspici.
1304 4258 1564 4332 Superabat
1621 4267 1853 4316 minorem
1890 4268 2110 4317 coarctari
2150 4278 2199 4319 et
2236 4269 2485 4332 splendore
2518 4251 2661 4346 longe
2699 4267 2877 4318 fortiori

300 4333 448 4397 igitur
483 4334 560 4380 hic
591 4331 810 4394 splendor
839 4333 995 4388 lucem
1016 4333 1215 4381 nubium
1235 4345 1383 4396 unque
1403 4334 1464 4382 ad
1485 4349 1560 4380 or-
1617 4333 1723 4397 jam
1740 4331 1920 4380 reddita
1938 4347 2015 4380 ma
2052 4334 2092 4380 ‘s
2117 4333 2381 4395 conspicua,
2416 4335 2710 4382 Mercurium
2740 4332 2881 4397 longe

300 4405 406 4446 tum
439 4397 576 4453 solis,
615 4405 664 4444 et
694 4395 963 4444 immediato
997 4397 1118 4444 Solis
1147 4397 1380 4458 splendori
1411 4397 1568 4444 solum
1628 4395 1875 4458 superabit,
1914 4397 1975 4443 ad
2064 4413 2125 4444 ue
2162 4398 2251 4445 erit
2285 4399 2384 4446 Soli
2418 4399 2624 4445 vicinior.
2696 4398 2882 4446 Diebus

299 4460 514 4510 cedendo
534 4461 748 4508 vincebat
767 4459 910 4524 longe
926 4461 1080 4508 lucem
1101 4461 1314 4508 omnium
1326 4461 1570 4509 stellarum
1634 4465 1711 4508 12·
1736 4469 1783 4508 et
1806 4463 1881 4508 15.
1912 4461 2121 4524 ejusdem
2152 4462 2340 4520 mensis,
2376 4462 2529 4511 cauda
2547 4463 2648 4509 haec
2670 4477 2751 4523 per
2772 4477 2877 4522 apa-

300 4525 608 4588 conjunctim.
679 4525 795 4572 Non
817 4524 1098 4581 Mercurius,
1129 4540 1224 4572 non
1248 4526 1428 4583 Venus,
1461 4540 1560 4573 non
1621 4523 1742 4572 tium
1763 4523 1905 4588 longe
1924 4525 2078 4588 majus
2098 4524 2267 4572 diffusa
2287 4527 2503 4586 apparuit
2518 4527 2679 4583 rarior,
2702 4536 2751 4573 et
2770 4526 2881 4573 luce

299 4589 402 4651 ips·
425 4589 573 4636 Luna
593 4588 644 4634 in
665 4585 798 4636 tanta
829 4587 954 4635 Solis
972 4589 1162 4636 orientis
1181 4588 1413 4636 vicinitate
1433 4589 1560 4636 cerni
1621 4597 1780 4636 tamen
1801 4587 1921 4636 ade&
1940 4589 2050 4636 forti
2078 4597 2135 4636 ut
2154 4589 2299 4636 stellis
2318 4590 2427 4638 fixis
2444 4591 2639 4638 vixdum
2655 4605 2883 4651 apparen-

303 4653 436 4700 nolet.
512 4651 774 4714 Fingamus
805 4651 964 4700 lucem
997 4653 1174 4700 hancce
1208 4652 1447 4700 dilatatam
1485 4667 1564 4699 co·
1623 4653 1751 4700 tibus
1771 4661 2046 4710 cerneretur,
2060 4661 2110 4700 et
2128 4667 2237 4699 mox
2260 4655 2405 4703 trabis
2420 4657 2597 4702 mirum
2617 4655 2666 4702 in
2684 4655 2879 4702 modum

303 4716 471 4766 arctari
511 4725 560 4762 et
595 4717 649 4762 in
683 4717 844 4763 orbem
882 4715 1038 4762 nuclei
1071 4717 1284 4764 cometici
1325 4715 1566 4765 Mercurio
1626 4715 1851 4780 fulgentis
1870 4717 2070 4778 speciem
2092 4715 2313 4767 exhibuit.
