3384 5509
476 398 602 461 176
873 421 882 432 ·
1091 395 1783 464 PHILOSOPHIAE
1828 397 2377 464 NATURALIS
2440 397 2584 476 [DE
2606 347 2854 461 Mons.
2880 397 3069 461 sm.

471 565 704 629 nubem
743 587 880 630 esse
921 586 1034 630 seu
1065 587 1362 650 vaporem
1391 589 1429 628 a
1458 567 1662 650 capite
1691 578 1954 630 cometae
1986 567 2225 652 jugiter
2252 569 2609 653 surgentem
2640 577 2705 628 et
2730 565 3073 637 abfflmtem

470 675 540 739 in
581 688 794 761 partes
839 699 878 740 a
919 675 1079 740 Sole·
1116 665 1403 750 aversas·
1473 677 1724 761 Opinio
1762 677 1967 760 prima
1999 698 2215 741 eorum
2246 688 2340 740 est
2368 676 2475 760 qui
2518 673 2801 738 nondum
2822 675 3067 739 ‚imbuti

472 801 619 848 sunt
661 781 914 848 scientia
957 805 1171 848 rerum
1213 785 1585 869 opticarum.
1675 783 1845 846 Nam
1880 783 2069 868 jubar
2102 783 2263 847 Solis
2301 783 2371 846 in
2398 780 2689 846 cubiculo
2704 803 2714 810 ·
2728 781 3073 846 tenebroso

470 883 603 973 non
648 875 944 972 cernitur,
988 895 1109 958 nisi
1139 906 1444 980 quatenus
1485 895 1969 974 lux.reflectitur
1996 918 2034 959 ε
2062 895 2395 979 pulverum
2422 907 2487 958 et
2514 893 2832 957 fumorum
2872 883 3069 978 parti-

473 1001 628 1065 culis
673 1024 790 1086 per
833 1003 1042 1066 a‘erem
1087 1023 1334 1086 semper
1377 1002 1819 1067 volitantibus:
1860 987 2135 1088 'ideoque
2174 1003 2243 1064 in
2272 1004 2415 1066 aete
2444 999 2631 1064 fumis
2662 1001 3069 1065 crassioribus

472 1110 700 1174 infecto
730 1112 1118 1196 splendidius
1133 1123 1262 1192 est,
1295 1124 1361 1176 et
1388 1113 1639 1176 sensum
1665 1110 1889 1184 fortius
1916 1111 2096 1187 ferit;
2126 1111 2195 1174 in
2222 1113 2369 1174 a‘ere
2396 1108 2664 1174 clariore
2696 1109 2943 1174 tenuius
2974 1122 3071 1173 est

473 1231 537 1282 et
579 1217 810 1306 aegrius
855 1220 1118 1284 sentitur
1140 1244 1164 1304 :⁴
1203 1220 1268 1282 in
1315 1221 1488 1282 coelis
1533 1231 1741 1284 autem
1788 1219 1919 1282 sine
1962 1217 2221 1282 materia
2265 1217 2623 1286 reflectente
2659 1216 2903 1280 nullum
2932 1239 3071 1280 esse

471 1309 696 1412 potest.
789 1328 954 1392 Lux·
985 1325 1115 1391 non
1167 1328 1443 1392 cernitur
1495 1327 1803 1413 quatenus
1852 1327 1919 1392 in
1959 1327 2187 1412 jubare
2233 1338 2347 1402 est,
2400 1325 2515 1390 sed
2564 1323 2871 1411 'quatenus
2922 1325 3073 1388 inde

473 1436 816 1500 reflectitur
857 1435 939 1498 ad
963 1434 1194 1500 'oculos
1232 1446 1499 1500 nostros.
1591 1434 1761 1502 Nam
1809 1433 1967 1497 visio
2014 1453 2146 1500 non
2186 1433 2262 1496 fit
2297 1434 2421 1502 nisi
2458 1455 2589 1518 per·
2605 1433 2815 1498 radios
2845 1435 2954 1518 qui
2998 1435 3069 1496 in

479 1544 696 1608 oculos
735 1545 1112 1631 impingunt.
1203 1544 1576 1629 Requiritur
1615 1543 1811 1630 igitur
1836 1541 2100 1606 materia
2126 1534 2337 1627 aliqua
2364 1542 2689 1609 reflectens
2718 1543 2785 1604 in
2813 1543 3075 1629 regione

481 1652 720 1728 caudae,
782 1673 864 1714 ne
920 1649 1150 1714 coelum
1200 1661 1404 1713 totum
1452 1649 1593 1714 luce
1650 1649 1813 1714 Solis
1837 1649 2237 1714 ‚illustratum
2284 1648 2675 1715 uniformiter
2720 1649 3075 1734 splendeat.

483 1758 721 1843 Opinio
767 1755 1044 1822 secunda
1071 1755 1282 1820 multis
1327 1757 1630 1840 premitur
1671 1756 2155 1842 difficultatibus,
2248 1756 2485 1821 Caudae
2513 1779 2837 1843 nunquam
2874 1757 3105 1820 varie-.

477 1881 710 1956 gantur
745 1867 1106 1950 coloribus:
1153 1866 1262 1952 qui
1305 1878 1512 1930 tamen
1555 1865 2000 1932 refractionum
2044 1866 2250 1931 solent
2278 1889 2413 1930 esse
2454 1867 2711 1930 comites
2753 1865 3078 1949 insepara-

477 1977 654 2042 biles.
747 1976 896 2056 Lux
924 1975 1212 2056 ¹fixarum
1257 1988 1320 2041 et
1359 1975 1752 2060 planetarum
1798 1975 2087 2040 distincte
2118 1977 2215 2042 ad
2256 1999 2371 2040 nos
2414 1977 2777 2043 transmissa
2812 1976 3079 2040 demon-

477 2099 636 2152 strat
664 2088 942 2152 medium
972 2087 1225 2152 coeleste
1254 2085 1426 2150 nulla
1456 2086 1517 2150 vi
1547 2085 1871 2152 refractiva
1900 2086 2157 2170 pollere.
2238 2086 2421 2150 Nam·
2436 2085 2607 2171 quod
2636 2086 2883 2163 dicitur,
2916 2079 3085 2148 fixas

485 2195 567 2258 ab
615 2194 936 2282 AEgyptiis
990 2205 1262 2278 cometas
1313 2215 1766 2278 nonnunquam
1810 2194 1971 2258 visas
2014 2193 2224 2270 fuisse,
2276 2192 2364 2269 id,
2412 2193 2709 2278 quoniam
2760 2189 3079 2258 rarissime

481 2298 806 2389 contingit,
867 2301 1356 2382 adscribendum
1431 2314 1525 2366 est
1595 2303 1862 2368 nubium.
1915 2303 2275 2368 refractioni
2333 2302 2627 2369 fortuitae.
2763 2293 3077 2368 Pinarum

483 2430 737 2496 quoque
784 2407 1048 2472 radiatio
1100 2420 1163 2471 et
1213 2408 1566 2474 scintillatio
1610 2411 1692 2473 ad
1742 2411 2145 2488 refractiones
2194 2423 2329 2474 tum
2368 2413 2694 2480 oculorum
2737 2423 2875 2476 tum
2917 2411 3083 2476 ablris

492 2516 742 2580 tremuli
771 2515 1116 2579 reserendae
1147 2530 1327 2579 sunt:
1361 2517 1592 2603 quippe
1621 2501 1765 2604 quae
1792 2517 2061 2582 admotis
2090 2517 2275 2582 oculo
2303 2519 2651 2605 telescopiis
2682 2529 3081 2584 evanescunt.

483 2627 670 2691 A‘dris
719 2639 779 2690 et
830 2625 1306 2690 ascendentium
1345 2650 1649 2713 vaporum
1689 2641 1962 2695 tremore
2008 2631 2101 2708 fit,
2147 2643 2219 2694 ut
2260 2631 2420 2696 radii
2462 2631 2641 2696 facile
2682 2612 2767 2696 de
2812 2643 3085 2720 angusto

410 2820 414 2826 ι
485 2735 746 2820 pupillae
791 2737 992 2819 spatio
1034 2756 1150 2819 per
1194 2737 1360 2800 vices
1414 2735 1923 2823 detorqueantur,
1962 2737 2046 2802 de
2096 2739 2315 2804 latiore
2358 2753 2567 2804 autem
2604 2740 2751 2804 vitri
2791 2740 3087 2826 objectivi

486 2842 780 2928 apertura
826 2844 1211 2928 neutiquam.
1304 2845 1464 2908 Inde
1494 2856 1591 2908 est
1618 2844 1788 2931 quod
1820 2846 2173 2912 scintillatio
2200 2847 2267 2910 in
2300 2848 2498 2932 priori
2538 2871 2685 2912 casu
2727 2859 3083 2936 generetur,

486 2951 551 3014 in
593 2950 942 3036 posteriore
985 2961 1198 3016 autem
1240 2962 1475 3016 cesset:
1525 2963 1590 3016 et
1619 2953 1877 3017 cessatio
1906 2954 1973 3016 in
2000 2954 2347 3038 posteriore
2378 2977 2525 3027 casu
2555 2955 2945 3019 demonstrat
2984 2977 3087 3018 re-

483 3061 790 3160 galai-em¹
811 3059 1344 3132 transmissionem
1385 3060 1544 3125 lucis
1587 3084 1705 3146 per
1748 3061 1941 3126 coelos
1984 3062 2119 3126 sine
2160 3065 2347 3131 omni.
2377 3063 2752 3149 refractione
2784 3062 3084 3127 sensibili.

484 3171 587 3234 Ne
623 3168 762 3253 quis
781 3173 1119 3260 contendat
1147 3171 1318 3258 quod
1363 3172 1581 3236 caudae
1611 3194 1743 3244 non
1772 3173 2010 3238 soleant
2038 3173 2237 3237 videri
2277 3174 2345 3236 in
2377 3174 2655 3250 cometis,
2686 3171 2833 3238 cum
2864 3193 3091 3236 eorum

481 3280 598 3348 lux
627 3301 757 3344 non
785 3294 880 3345 est
909 3282 1056 3346 satis
1085 3281 1291 3374 fortiS,
1329 3281 1474 3366 quia
1504 3282 1845 3368 tunc-radii
1876 3282 2227 3349 secundarii
2255 3305 2385 3346 non
2413 3281 2647 3347 habent
2679 3282 2827 3346 satis
2858 3281 3089 3344 virium

485 3385 567 3450 ad
596 3387 810 3450 oculos
839 3387 1203 3464 movendOS‚
1237 3400 1300 3451 et
1331 3400 1670 3473 propterea
1701 3389 1933 3453 caudas
1956 3389 2227 3475 fixarum
2248 3411 2377 3452 non
2402 3389 2609 3452 cerni:
2644 3387 2737 3474 (¹¹¹)
2758 3386 3089 3450 sciendum

486 3510 580 3562 est
609 3499 780 3584 quod
808 3499 923 3565 lux
951 3499 1223 3562 fixarum
1251 3499 1396 3584 plus
1427 3514 1679 3564 centum
1708 3501 1947 3565 vicibus
1976 3501 2192 3586 augeri
2220 3511 2427 3584 potest
2452 3498 2872 3562 mediantibus
2902 3497 3090 3561 teles-

485 3606 703 3689 copiis‚
749 3628 866 3669 nec
909 3619 1122 3670 tamen
1167 3608 1386 3670 caudae
1431 3621 1793 3672 cernuntur.
1884 3607 2287 3674 Planetarum
2333 3629 2581 3692 quoque
2620 3607 2735 3670 lux
2774 3605 3091 3690 copiosior
3124 3608 3130 3617 “

429 3741 438 3750 ·
485 3724 601 3788 est,
649 3712 867 3776 caudae
909 3711 1070 3793 vero*
1103 3711 1336 3776 nullae:
1383 3727 1644 3777 cometae
1675 3726 1886 3778 autem
1920 3736 2085 3798 saepe
2116 3712 2536 3801 caudatissimi
2566 3723 2731 3788 sunt,
2776 3712 2888 3774 ubi
2918 3711 3090 3794 capi·
3120 3798 3127 3804 .

436 3833 442 3836 “
485 3836 620 3886 tum
663 3821 777 3886 lux
819 3823 1024 3887 tenuis
1069 3836 1166 3887 est
1206 3836 1270 3887 et
1309 3825 1490 3888 valde
1519 3827 1763 3888 obtusa.
1856 3825 1963 3889 Sic
1990 3824 2157 3888 enim
2188 3834 2433 3885 cometa
2462 3823 2611 3886 anni
2646 3830 2836 3899 1680,
2870 3841 3091 3884 mense

493 3929 860 4006 Decembri,
904 3954 1033 4017 quo
1062 3943 1344 4018 tempore
1374 3947 1562 4018 caput
1588 3933 1729 3997 luce
1760 3931 1867 3996 sua
1898 3933 2007 3996 vix
2035 3933 2324 4018 aequabat
2352 3931 2559 3996 stellas
2588 3923 2883 3995 secundae
2909 3953 3089 4016 mag-

482 4040 804 4119 nitudiniS,
838 4042 1104 4106 caudam
1131 4044 1454 4108 emittebat
1483 4045 1815 4130 splendore
1836 4043 2105 4107 notabili
2132 4067 2330 4130 usque
2360 4043 2442 4107 ad
2468 4044 2704 4131 gradus
2734 4053 2842 4122 40,
2867 4053 2975 4121 50,1
2998 4053 3086 4108 60

483 4148 584 4212 vel
616 4155 700 4217 70
728 4149 1140 4238 longitudinis
1171 4165 1234 4216 et
1261 4150 1460 4216 ultra:
1507 4165 1726 4238 postea
1754 4152 1896 4216 Jan.
1930 4158 2013 4218 27
2040 4163 2103 4214 et
2132 4159 2212 4215 28
2240 4164 2429 4236 caput
2450 4150 2794 4245 apparebat
2814 4163 2887 4214 ut
2908 4151 3092 4214 stella

488 4255 770 4340 septimae
801 4268 1048 4324 tantum
1075 4259 1548 4346 magnitudiniS,
1596 4259 1797 4324 cauda
1840 4257 1991 4322 vero
2018 4258 2161 4340 luce
2192 4259 2445 4343 quidem
2472 4261 2763 4343 pertenui
2792 4258 2907 4322 sed
2936 4257 3091 4321 satis

494 4363 769 4468 sensibili
797 4364 987 4452 longa
1030 4377 1166 4432 erat
1195 4375 1255 4430 6.
1287 4366 1390 4430 vel
1421 4373 1480 4433 7.
1513 4365 1769 4453 graduS‚
1802 4377 1868 4430 et
1893 4364 2033 4428 luce
2064 4364 2537 4429 obscurissima·
2518 4413 2536 4442 ‚
2590 4387 2731 4450 quae
2763 4387 2869 4429 cei
2871 4365 2939 4428 ni
2983 4364 3089 4428 vix

553 4528 692 4602 (ω).
729 4534 976 4582 Sciendum
997 4542 1076 4580 ese.
1151 4534 1222 4582 Ut
1253 4541 1420 4580 notum
1441 4543 1511 4582 est
1531 4549 1590 4582 ex
1611 4533 1748 4582 teles—
1812 4531 2003 4578 visionis
2040 4530 2336 4579 distinctione
2372 4539 2420 4578 et
2454 4479 2809 4591 telescopiorum
2848 4529 3091 4577 benefieiis

487 4591 726 4650 copiorum
749 4597 926 4643 theoria
947 4598 1073 4657 apud
1087 4613 1251 4648 omnes
1272 4599 1442 4658 passim
1455 4613 1610 4644 rerum
1627 4597 1750 4658 opti-
1814 4595 1943 4643 dedit
1970 4596 2143 4644 clariss.
2164 4597 2235 4644 vir
2252 4597 2436 4644 Robert
2450 4593 2603 4644 Smith
2632 4595 2685 4644 in
2714 4594 2891 4642 eximio
2926 4594 3089 4657 opere

486 4671 648 4702 carum
670 4669 715 4706 ct
739 4660 1094 4720 catoptricarum
1117 4661 1373 4722 scriptores.
1416 4661 1508 4709 Sed
1529 4677 1586 4708 ea
1603 4661 1749 4721 potis-
1818 4660 2007 4722 Optico.

486 4719 660 4768 simum
691 4723 788 4786 legi
819 4733 1056 4771 merentur
1087 4740 1192 4787 quae
1224 4725 1302 4773 de
1315 4724 1434 4773 lucis
1464 4725 1745 4782 intensitate,
