3384 5509
505 459 627 517 108
1105 442 1787 514 PHILOSOPHIAE
1834 437 2379 509 NATURALIS
2467 437 2611 516 [DE
2631 431 2880 498 Mum).
2909 431 3099 497 Srs‘r.

503 625 758 712 regione
792 624 922 688 Soli
953 619 1258 706 opposita.
1351 621 1428 703 (²)
1489 621 1747 683 Summa
1774 617 2015 678 virium·
2044 623 2138 678 est
2166 613 2249 675 ad
2278 612 2405 674 vim
2447 609 2767 697 gravitatis
2810 619 2882 672 ut
2931 615 2959 669 1
3010 604 3102 668 ad

509 737 868 796 12868200.
959 729 1047 792 Et
1074 727 1374 813 quoniam
1401 726 1495 788 vis
1525 723 1746 788 eadem
1778 720 2050 784 eundem
2078 719 2201 782 ciet
2226 727 2489 792 motum,
2522 713 2649 780 sive
2678 735 2753 776 ea
2782 712 3101 797 deprimat

505 861 730 926 aquam
759 839 828 900 in
859 835 1220 924 regionibus
1252 855 1396 919 quae
1441 841 1524 896 90
1567 829 1867 916 gradibus
1897 827 2131 890 distant
2158 848 2198 888 a
2230 824 2395 900 Sole,
2444 821 2573 885 sive
2602 821 2799 884 elevet
2828 818 3097 885 eandem

476 924 571 1011 ⁸in
600 946 960 1034 regionibus
991 946 1108 1008 sub
1141 943 1289 1008 Sole
1318 953 1384 1005 et
1416 940 1552 1006 Soli
1581 937 1903 1022 oppositiS‚
1948 936 2086 1000 haec
2116 955 2356 998 summa
2386 933 2503 998 erit
2531 943 2661 995 tota
2696 930 2859 994 Solis
2887 929 2980 992 vis
3009 929 3099 992 ad

503 1077 675 1119 mare
703 1053 1100 1140 agitandum3
1132 1063 1194 1115 et
1225 1048 1493 1112 eundem
1520 1045 1778 1108 habebit
1806 1043 2113 1120 effectum,
2148 1062 2221 1104 ac
2250 1040 2303 1103 si
2330 1050 2463 1103 tota
2490 1040 2556 1101 in
2586 1036 2943 1123 regionibus
2975 1037 3097 1102 sub

509 1160 654 1224 Sole
685 1171 748 1222 et
781 1158 914 1222 Soli
929 1156 1249 1242 ,oppositis
1269 1175 1443 1219 mare
1473 1151 1765 1226 elevaret,
1794 1150 1861 1212 in
1890 1146 2251 1234 regionibus
2278 1156 2486 1208 autem
2506 1165 2647 1228 quae
2680 1151 2761 1206 90
2790 1139 3098 1230 gradibus

503 1267 736 1330 distant
766 1289 806 1328 a
835 1264 1002 1341 Sole,
1035 1263 1126 1326 nil
1155 1274 1386 1348 ageret.

547 1375 552 1380 ’
593 1375 761 1440 Haec
791 1385 886 1438 est
913 1373 1004 1436 vis
1037 1371 1202 1436 Solis
1231 1371 1312 1434 ad
1339 1392 1511 1434 mare
1541 1369 1834 1433 ciendum
1862 1369 1929 1430 in
1956 1367 2097 1430 loco
2127 1365 2345 1451 quovis
2374 1363 2543 1440 dat0,
2586 1362 2695 1426 ubi
2728 1361 2836 1425 Sol
2866 1371 2995 1424 tam
3020 1357 3097 1420 in

501 1483 733 1546 vertice
763 1479 1198 1543 loci·versatur
1217 1474 1415 1562 ⁴quam
1441 1477 1507 1538 in
1535 1475 1839 1540 mediocri
1866 1473 1978 1538 suit
2020 1469 2311 1536 distanti&
2340 1493 2379 1534 a
2408 1469 2630 1533 Terra.
2708 1469 2798 1554 ,(⁸)
2846 1467 2923 1533 In
2954 1465 3099 1530 aliis

509 1589 672 1654 Solis
701 1585 1114 1672 positionibus
1145 1584 1236 1646 vis
1267 1582 1350 1646 ad
1377 1604 1550 1646 mare
1594 1581 2006 1645 attollendum
2036 1591 2130 1642 est
2158 1590 2229 1641 ut
2257 1577 2427 1640 sinus
2455 1597 2669 1640 versus
2697 1573 2908 1657 duploe
2952 1572 3095 1634 alti-

433 1759 438 1764 .
503 1696 737 1762 tudinis
766 1693 928 1758 Solis
959 1713 1148 1779 supra
1168 1689 1558 1754 horizontem
1575 1687 1700 1751 loci
1723 1684 1953 1750 directe
1982 1696 2046 1748 et
2074 1685 2271 1748 cubus
2294 1682 2602 1746 distantiae
2624 1681 2787 1744 Solis
2816 1703 2854 1742 a
2885 1676 3092 1742 Terra

507 1825 771 1866 inverse.

593 1911 790 1974 Corol.
827 1901 992 1972 Cum
1008 1907 1102 1971 vis
1121 1905 1468 1994 centrifuga
1486 1905 1759 1990 partium
1782 1903 2005 1968 Terrae
2034 1925 2071 1964 a
2104 1900 2334 1964 diurno
2357 1898 2579 1962 Terrae
2600 1905 2775 1958 motu
2798 1891 3091 1962 oriunda,

507 2039 650 2103 quae
679 2028 776 2082 est
801 2017 883 2080 ad
911 2017 1038 2080 vim
1067 2015 1390 2104 gravitatis
1418 2025 1490 2077 ut
1523 2021 1551 2075 1
1591 2012 1672 2075 ad
1702 2019 1853 2089 289,
1886 2010 2111 2075 efficiat
2137 2021 2209 2074 ut
2238 2007 2501 2074 altitudo
2532 2027 2712 2094 aquae
2742 2005 2859 2070 sub
2878 2026 3093 2092 aequa-

505 2135 645 2186 tore
707 2133 960 2206 superet
1012 2123 1146 2207 ejus
1199 2118 1592 2184 altitudinem
1643 2117 1763 2179 sub
1808 2117 1969 2200 polis
2018 2113 2311 2180 mensura
2357 2111 2591 2197 pedum
2644 2111 3093 2175 Parisiensium

511 2237 680 2298 8547
687 2239 749 2308 2,
782 2243 854 2294 ut
882 2252 1071 2313 supra
1097 2230 1162 2292 in
1195 2229 1387 2312 Prop.
1413 2227 1638 2301 XIX.;
1669 2227 1764 2289 vis
1796 2226 2013 2290 solaris
2042 2224 2121 2287 de
2142 2224 2265 2310 qua
2287 2223 2549 2310 egimuS,
2584 2219 2729 2286 oiim
2758 2222 2840 2284 sit
2860 2221 2940 2287 ad
2961 2221 3095 2284 vim

509 2339 830 2426 gravitatis
858 2350 929 2401 ut
961 2347 989 2401 1
1030 2337 1113 2401 ad
1146 2344 1505 2411 12868200,
1539 2346 1726 2419 atque
1755 2330 1897 2396 ideo
1926 2329 2009 2396 ad
2040 2331 2164 2395 vim
2192 2330 2365 2413 illam
2409 2329 2819 2414 centrifugam
2848 2319 2929 2390 'ut
2956 2335 3089 2390 289

513 2446 595 2510 ad
631 2454 969 2511 12868200
1002 2467 1110 2510 seu
1147 2453 1176 2508 1
1214 2444 1296 2508 ad
1326 2448 1561 2522 44527,
1609 2440 1687 2524 (δ)
1722 2439 1946 2504 efficiet
1988 2450 2061 2502 ut
2102 2436 2365 2502 altitudo
2394 2456 2595 2522 aquae.
2618 2435 2685 2496 in
2726 2433 3091 2520 regionibus

510 2553 630 2618 sub
665 2555 810 2618 Sole
843 2567 905 2618 et
937 2553 1068 2618 Soli
1099 2551 1402 2637 oppositis
1431 2561 1683 2633 superet
1712 2546 2101 2612 altitudinem
2131 2549 2265 2632 ejus
2294 2547 2361 2608 in
2390 2545 2563 2622 lociS,
2596 2565 2735 2630 quae
2765 2553 2849 2608 90
2878 2542 3086 2628 gradi·

502 2650 621 2714 bus
653 2651 884 2714 distant
926 2675 964 2715 a
1012 2651 1176 2727 Sole,
1223 2651 1513 2714 mensurii
1544 2649 1790 2714 tantum
1817 2649 1994 2734 pedis
2024 2651 2209 2714 unius
2242 2649 2607 2714 Parisiensis
2652 2658 2715 2711 et
2749 2648 3089 2736 digitorum

503 2756 796 2822 undecim
829 2779 972 2820 cum
995 2756 1308 2822 tricesima
1325 2769 1504 2841 parte
1533 2757 1733 2843 digiti.
1805 2758 1930 2822 Est·
1950 2759 2115 2820 enim
2142 2757 2280 2822 haec
2301 2779 2593 2822 mensura
2620 2755 2702 2840 ad
2730 2736 3089 2820 mensuram

501 2863 737 2950 pedum
770 2870 980 2930 85472
1012 2876 1084 2926 ut
1117 2873 1146 2926 1
1183 2864 1268 2927 ad
1297 2871 1532 2932 44527.
3050 2877 3057 2886 ·

569 3033 643 3097 (⁸)
671 3037 697 3065 ¹*
715 3037 910 3082 Summa
926 3037 1099 3082 virium
1119 3043 1190 3082 est
1209 3035 1271 3082 ad
1290 3035 1386 3081 vim
1403 3035 1636 3098 gravitatis
1659 3045 1712 3083 ut
1736 3043 1765 3084 3
1834 3041 1907 3085 14.
1950 3039 2090 3098 Prop.
2129 3037 2329 3086 LXVI.
2366 3037 2473 3084 Lib.
2504 3037 2577 3098 1.)
2610 3035 2895 3084 considerari
2926 3034 3087 3098 itaque

503 3097 563 3145 ed
585 3103 842 3146 33604600
863 3099 958 3144 sive
978 3107 1034 3146 ut
1056 3103 1078 3146 1
1107 3097 1168 3146 ad
1193 3104 1459 3147 12868200.
1828 3102 1995 3162 poterit
2026 3103 2095 3148 vis
2128 3103 2247 3149 Solis
2278 3101 2337 3148 ad
2369 3116 2495 3148 mare
2526 3100 2835 3147 attollendum
2866 3110 2923 3147 ut
2952 3101 3089 3148 sinus

1828 3181 1987 3212 versus
2008 3165 2165 3226 duplae
2194 3164 2452 3213 altitudinis
2478 3163 2597 3211 Solis
2627 3163 2768 3224 supra
2796 3165 3086 3210 horizontem

1826 3228 1918 3278 loci
1955 3229 2127 3276 directe
2162 3238 2210 3276 et
2246 3231 2395 3276 cubus
2436 3228 2665 3276 distantiae
2712 3228 2835 3276 Solis
2868 3244 2899 3274 a
2938 3225 3087 3289 Terra

570 3227 638 3292 (¹)
677 3231 703 3259 ·
726 3232 791 3278 In
811 3231 913 3278 auis
934 3212 1052 3278 Solis*
1061 3232 1368 3290 positionibus.
1443 3228 1556 3278 Hac
1579 3230 1621 3276 vi
1643 3245 1764 3292 aqua

1825 3291 2022 3340 inverse.
2076 3291 2313 3340 Caeterum
2330 3302 2427 3340 tota
2446 3294 2547 3339 hoec
2568 3291 2830 3352 Propositio
2848 3293 3085 3354 eleganter

502 3292 706 3339 maxime
721 3293 995 3352 deprimitur
1010 3295 1092 3340 ubi
1108 3294 1198 3340 Sol
1215 3304 1423 3340 versatur
1440 3295 1489 3339 in
1508 3295 1759 3351 horizonte,

503 3365 550 3402 et
571 3357 776 3403 maxime
795 3357 1000 3404 elevatur
1019 3357 1102 3404 ubi
1132 3357 1211 3404 Sol
1234 3357 1285 3402 in
1307 3359 1475 3404 vertice
1496 3358 1587 3404 loci
1607 3373 1759 3404 versa-

503 3429 594 3466 tur.
648 3419 899 3478 Depressio
911 3430 1068 3466 autem
1091 3429 1138 3467 et
1160 3421 1356 3468 elevatio
1368 3437 1593 3482 aquarum
1611 3421 1761 3482 magis

503 3498 558 3530 ac
591 3483 739 3544 magis
760 3483 979 3530 decrescit
999 3499 1094 3545 quo
1125 3483 1262 3532 altius
1293 3485 1373 3530 Sol
1395 3485 1601 3532 ascendit
1619 3483 1761 3544 supra

505 3547 810 3602 horizontem,
841 3557 928 3594 aut
957 3563 986 3594 a
1016 3549 1184 3594 vertice
1207 3549 1454 3594 descendit.
1530 3549 1762 3594 Praeterea

504 3611 606 3657 hoec
627 3610 859 3670 depressio
882 3620 964 3658 aut
983 3611 1178 3658 elevatio
1199 3611 1319 3659 circa
1336 3612 1526 3666 ‚initium
1547 3622 1595 3656 et
1615 3611 1759 3658 finem

502 3671 694 3729 lentiuS,
711 3673 1060 3721 circa'medium
1077 3674 1184 3722 vero
1197 3674 1392 3721 celerius
1406 3675 1656 3730 minuitur-3
1681 3675 1762 3722 sed

505 3739 608 3784 haec
639 3741 911 3798 contingent
943 3739 1197 3785 successiva
1219 3753 1445 3800 aquarum
1476 3740 1763 3786 incrementa

504 3810 552 3848 et
571 3801 864 3848 decrementa
885 3803 923 3848 si
945 3801 1014 3848 vis
1034 3803 1236 3868 max-ima
1262 3803 1381 3850 Solis
1401 3803 1450 3848 in
1473 3803 1642 3850 vertice
1667 3803 1759 3850 loci

503 3865 787 3925 exprimatur
813 3867 900 3926 per
930 3865 1210 3912 diametrum
1241 3865 1416 3919 circuli,
1451 3867 1540 3912 hoc
1561 3875 1644 3921 est,
1677 3882 1760 3926 per

503 3929 658 3974 sinum
683 3943 864 3975 versum
895 3929 1028 3976 1800.
1057 3929 1139 3976 seu
1162 3929 1321 3989 duplae
1340 3930 1596 3977 altitudinis
1621 3931 1755 3989 Solis,

503 3991 642 4052 supra
662 3993 977 4050 horizontem3
1002 3993 1050 4038 iu
1073 3993 1176 4040 aliis
1195 4005 1354 4042 autem
1380 3994 1500 4042 Solis
1517 3994 1757 4054 positioni-

501 4058 590 4104 bus
611 4057 680 4102 vis
699 4059 862 4102 eadem
883 4057 1153 4104 exhibeatur
1172 4073 1256 4119 per
1275 4059 1405 4104 sinus
1425 4073 1578 4104 versos
1596 4059 1757 4105 altim-

501 4120 668 4166 dinum
691 4118 1029 4180 duplicaturum
1047 4140 1062 4179 3
1097 4137 1240 4183 quare
1261 4122 1310 4168 in
1333 4117 1476 4169 variis
1493 4123 1612 4170 Solis
1633 4123 1756 4182 posi.

500 4186 720 4242 tionibuS,
746 4185 811 4230 vis
833 4185 890 4232 ad
913 4200 1040 4232 mare
1061 4184 1368 4232 attollendum
1389 4187 1512 4232 sumi
1532 4195 1682 4246 potest
1703 4196 1759 4234 ut

500 4249 631 4296 sinus
663 4263 820 4295 versus
840 4249 998 4307 duplae
1029 4249 1286 4296 altitudinis
1311 4249 1431 4296 Solis
1461 4249 1602 4310 supra
1623 4251 1751 4296 hori-

500 4322 698 4368 zontem,
743 4312 924 4360 seclusa
966 4313 1122 4360 tamen
1165 4315 1508 4374 perturbatione
1549 4327 1656 4376 quae
1693 4329 1751 4360 ex

501 4375 628 4422 varia
663 4377 781 4422 Solis
813 4393 842 4423 a
875 4377 1080 4426 Tellure·
1099 4376 1317 4425 distantia
1347 4378 1508 4424 oritur.
1584 4381 1654 4424 At
1682 4379 1753 4424 vis

505 4438 626 4485 Solis
667 4450 866 4502 augetur
907 4442 979 4488 vel
1025 4440 1258 4488 minuitur
1307 4439 1404 4503 qud
1456 4439 1648 4501 propius
1689 4442 1749 4488 ad

504 4501 696 4548 Terram
719 4504 896 4550 accedit
917 4513 999 4551 aut
1018 4503 1209 4566 longius
1229 4507 1288 4550 ab
1310 4504 1368 4550 ea
1389 4505 1574 4560 recedit,
1608 4505 1751 4566 idque

500 4563 552 4612 in
583 4565 758 4614 ratione
791 4568 1018 4628 triplicata
1039 4568 1360 4616 distantiarum
1392 4568 1574 4615 inversa
1607 4571 1743 4633 (Cor.

1826 3355 2081 3404 admodum
2100 3357 2283 3403 calculo
2312 3366 2503 3403 tractata
2524 3357 2695 3418 legitur
2726 3355 2776 3400 in
2798 3355 2945 3403 trihus
2968 3355 3085 3403 Dis-

1824 3421 2145 3468 sertationibus
2164 3437 2271 3484 quae
2296 3420 2401 3467 Vol.
2435 3420 2539 3467 111.
2567 3421 2758 3482 adjectae
2777 3429 2904 3467 sunt.

1890 3483 1956 3548 (¹3)
1994 3490 2019 3516 *
2044 3487 2230 3548 Efficiet
2244 3495 2295 3532 ut
2318 3487 2509 3532 altitudo
2530 3501 2675 3547 aquae.
2750 3484 2989 3538 Quoniam
3022 3499 3082 3531 ex

1825 3549 1963 3595 variis
1982 3549 2297 3608 pendulorum
2330 3549 2723 3596 observationibus
2744 3557 2791 3594 et
2812 3548 3083 3608 nuperrime

1826 3613 2051 3660 institutis
2070 3611 2243 3674 gradus
2274 3612 2515 3658 meridiani
2536 3612 2765 3659 mensuris
2796 3614 2884 3658 sub
2904 3611 3082 3660 circulo

1826 3675 1987 3736 polan-i,
2015 3677 2160 3722 Terra
2192 3676 2329 3723 altior
2365 3686 2435 3722 est
2465 3677 2553 3723 sub
2590 3685 2823 3736 aequatore
2842 3673 2983 3738 quam
3019 3691 3081 3722 ex

1824 3741 2001 3788 theoria
2036 3737 2345 3788 Newtonianfi
2374 3741 2545 3800 prodiit
2576 3739 2743 3804 (Prop.
2778 3739 2933 3786 XIX.
2960 3739 3071 3788 Lib.

1825 3804 1989 3865 hujus)
2012 3803 2155 3863 paul&
2176 3803 2391 3866 augenda
2422 3806 2509 3852 erit
2538 3804 2733 3851 altitudo
2756 3819 2889 3866 aquae
2910 3803 2960 3848 in
2982 3805 3075 3852 hoc

1831 3868 2085 3914 Corollario
2128 3868 2329 3914 definita.
2409 3867 2765 3916 Observandum
2806 3877 2962 3914 autem
3006 3877 3077 3916 est

1828 3932 2141 3979 Corollarium
2184 3931 2302 3978 illud
2343 3931 2547 4006 rigorose
2598 3947 2760 3997 verum
2804 3946 2900 3977 non
2940 3947 3079 3992 esse;

1824 3996 2087 4043 Newtonus
2107 3995 2233 4042 enim
2264 4011 2321 4042 ex
2354 3995 2615 4042 differentia
2634 3996 2852 4043 diametri
2868 4006 3074 4056 aequato-

1819 4061 1884 4106 ris
1920 4069 1968 4107 et
1998 4060 2099 4106 axis
2136 4061 2293 4106 Terrae
2328 4075 2411 4121 per
2442 4059 2699 4119 simplicem
2732 4060 3073 4120 proportionem

1818 4123 1999 4186 colligit
2018 4123 2314 4171 altitudinem
2336 4139 2469 4186 aquae
2491 4139 2547 4170 ex
2572 4124 2616 4169 vi
2640 4123 2761 4170 Solis
2792 4123 3069 4182 oriundam3

1820 4197 2013 4248 uterque
2046 4197 2201 4235 tamen
2223 4203 2355 4235 casus
2380 4197 2451 4234 est
2480 4185 2621 4250 longe
2642 4187 2861 4243 diversus
2894 4187 3073 4246 primus

1815 4251 2045 4312 siquidem
2078 4251 2251 4312 pendet
2271 4267 2299 4297 a
2319 4251 2601 4313 quadratura
2621 4251 2797 4305 circuli,
2826 4251 2941 4298 alter
2960 4249 3069 4299 ver&

1814 4315 2012 4362 refertur
2030 4315 2091 4362 ad
2110 4315 2440 4377 quadraturam
2461 4315 2725 4376 hyperbolae
2744 4319 2837 4378 ,(ut
2856 4323 2979 4374 patet
3009 4329 3066 4362 ex

1820 4380 1925 4426 Cor.
1966 4385 2011 4426 2.
2050 4379 2187 4438 Prop.
2229 4380 2335 4427 XC.
2369 4380 2476 4427 Lib.
2516 4381 2561 4427 1.
2597 4391 2643 4426 et
2674 4388 2775 4426 not·
2814 4385 2918 4427 106.
2952 4379 3059 4426 Lib.

1812 4442 1993 4504 hujus).
2064 4443 2155 4490 Sed
2192 4457 2331 4504 quam
2364 4442 2531 4504 parum
2564 4459 2595 4490 a
2624 4443 2813 4490 veritate
2842 4443 3067 4502 discrepet

1812 4521 2016 4566 praesens
2041 4507 2364 4561 Corollarium,
2400 4517 2589 4568 apparet
2618 4523 2677 4554 ex
2698 4517 2919 4568 computo
2948 4508 3065 4554 inito

1812 4573 1864 4616 in
1890 4569 2225 4618 Dissertati'one
2246 4571 2416 4620 clariss.
2448 4572 2727 4630 Maclaurin,
2754 4571 2896 4632 Prop.
2926 4569 2985 4618 V.
