3384 5509
336 414 569 479 LIBER
595 405 992 493 Tnmmsq'
1032 410 1517 477 PRINCIPIA
1580 409 2334 479 MATHEMATICA.
2389 477 2395 483 .
2819 428 2944 489 195

336 587 469 651 hoe
528 586 692 649 orbe*
738 609 777 649 a
836 584 1113 649 Bradleo
1172 596 1553 667 computata,
1583 598 1587 603 ’
1614 596 1679 649 et
1725 607 1894 667 (nun¹
1920 586 2080 651 locis
2127 611 2164 651 a
2203 588 2410 672 seipso
2453 599 2516 651 et
2561 601 2798 673 patruo·
2827 614 2944 657 suo

330 696 427 761 D.
485 696 801 773 Pound10‚
856 706 921 759 et
967 717 1007 757 a
1056 694 1146 759 D.
1198 694 1483 759 Halleio.
1508 695 1874 761 observatis
1905 698 2132 763 collata
2182 698 2560 763 exhibentur
2607 701 2678 763 in
2725 702 2937 767 tabulae‘i

324 818 651 893 sequente.
1144 824 1149 831 ·

880 1014 1061 1060 Comet.
1084 1012 1239 1077 Long.
1296 1016 1402 1064 Lat.
1429 1015 1541 1061 Bor.
1612 1014 1798 1063 Comet.
1809 1016 1966 1077 Long.
2021 1014 2127 1061 Lat.
2157 1016 2270 1060 Bor.
2365 1012 2530 1059 Differ.

404 1046 410 1053 .
555 1016 695 1061 1723.
2631 1021 2799 1068 Differ,

404 1077 619 1141 Tempus
652 1076 843 1139 AEquat.
933 1078 1177 1123 Observat.
1306 1080 1547 1127 Observat.
1675 1079 1898 1139 Comput.
2038 1078 2259 1137 Comput.
2288 1093 2296 1105 s
2379 1076 2532 1138 Long.
2660 1084 2770 1133 Lat,

572 1204 619 1252 d·
678 1205 725 1251 h-
773 1204 787 1225 Ι
990 1220 1023 1253 ο
1112 1204 1127 1226 Ι
1200 1204 1225 1225 ΙΙ
1262 1170 1416 1253 T!
1490 1206 1517 1229 ΙΙ
1717 1168 1850 1255 ὲ-ΙΙ-
1921 1206 1946 1227 ΙΙ
2033 1221 2064 1252 ο
2775 1212 2802 1234 η

426 1271 526 1319 Oct.
588 1276 631 1317 9.
692 1273 737 1317 8.
798 1273 828 1317 5
877 1281 945 1327 ..rx
980 1273 1028 1318 7.
1057 1274 1133 1316 22.
1166 1274 1224 1317 15
1325 1276 1370 1319 5.
1417 1277 1449 1317 2
1514 1279 1548 1320 o
1609 1282 1676 1327 ,rx
1713 1276 1758 1321 7.
1787 1278 1865 1319 21.
1893 1278 1955 1328 26
2043 1274 2089 1319 5.
2149 1275 2195 1315 2.
2223 1272 2284 1317 47
2364 1269 2430 1333 4
2464 1274 2529 1318 49
2629 1302 2695 1315 -
2733 1280 2796 1325 47

555 1339 631 1381 10.
690 1340 737 1381 6.
766 1338 825 1381 21
982 1340 1028 1383 6.
1056 1340 1135 1381 41.
1166 1339 1225 1381 12
1324 1342 1461 1385 7.44.
1490 1340 1549 1383 15
1713 1343 1758 1384 6.
1787 1342 1864 1383 41.
1893 1342 1956 1381 42
2044 1338 2090 1383 7.
2117 1341 2194 1381 43.
2227 1339 2284 1380 18
2371 1360 2430 1371 —-
2462 1340 2526 1383 50
2632 1342 2698 1403 -1-
2731 1345 2796 1389 55

554 1403 628 1444 12.
690 1402 736 1446 7.
766 1404 828 1444 22
980 1406 1028 1447 5.
1053 1402 1131 1446 59.
1162 1402 1222 1445 58
1296 1406 1369 1447 11.
1390 1408 1469 1449 55.
1514 1408 1548 1448 Ο
1712 1408 1758 1451 5.
1787 1408 1864 1449 40.
1898 1406 1955 1448 19
2013 1404 2088 1447 ll.
2117 1405 2194 1447 54.
2223 1402 2285 1445 55
2364 1426 2430 1437 -
2463 1404 2520 1445 21
2631 1404 2696 1469 -Ι-
2735 1412 2794 1451 ·5

556 1466 631 1509 14.
690 1468 737 1509 8.
766 1466 826 1510 57
981 1469 1026 1510 4.
1056 1467 1132 1511 59.
1159 1468 1224 1509 49
1296 1470 1368 1512 14.
1387 1470 1463 1513 43.
1482 1470 1549 1513 50
1713 1470 1760 1515 5.
1819 1472 1868 1513 0.
1891 1470 1952 1512 37
2016 1469 2087 1510 14.
2115 1468 2194 1510 44.
2261 1468 2280 1509 l
2335 1470 2340 1479 “
2364 1490 2430 1501 -
2461 1468 2523 1509 48
2629 1494 2694 1505 --
2735 1474 2785 1515 11

560 1530 634 1574 15.
690 1532 736 1574 6.
764 1530 828 1573 55
979 1533 1133 1579 4..47.
1162 1532 1219 1575 41
1297 1534 1369 1577 15.
1387 1534 1539 1579 40-51
1711 1537 1759 1577 4.
1787 1534 1864 1577 47.
1893 1535 1953 1577 45
2014 1533 2087 1576 15.
2117 1534 2194 1575 40.
2223 1532 2286 1575 55
2363 1555 2430 1566 —-
2495 1536 2525 1573 4
2627 1558 2689 1569 --
2763 1538 2796 1578 4

552 1596 629 1638 21.
690 1596 735 1639 6.
766 1596 828 1637 22
980 1597 1027 1639 4.
1089 1596 1134 1637 2.
1160 1596 1225 1639 52
1296 1599 1461 1643 19.41.
1480 1600 1545 1642 49
1711 1600 1758 1641 4.
1818 1600 1863 1641 2.
1893 1598 1948 1639 21
2015 1599 2090 1641 10.
2116 1598 2194 1639 42.
2253 1598 2285 1638 5
2351 1592 2430 1656 -Ι-
2469 1596 2524 1639 11
2626 1622 2693 1635 —
2735 1600 2794 1643 14

554 1658 653 1701 22.·
691 1661 737 1703 6.
768 1658 827 1701 24
980 1664 1026 1704 3.
1056 1659 1133 1703 59.
1196 1660 1225 1701 2
1296 1664 1372 1706 20.
1422 1664 1546 1705 8.12
1711 1664 1756 1705 8.
1785 1664 1864 1707 59.
1897 1663 1956 1704 10
2011 1662 2086 1705 20.
2148 1663 2192 1703 8.
2226 1660 2282 1705 17
2363 1683 2428 1693 ——
2493 1662 2522 1701 8
2627 1686 2692 1697 —-
2761 1664 2793 1710 5

555 1724 632 1765 24.
692 1725 739 1766 8.
800 1722 831 1764 2
984 1728 1029 1767 3.
1058 1724 1134 1767 55.
1164 1725 1227 1767 29
1282 1726 1467 1773 ,20.55.
1486 1726 1544 1769 18
1711 1730 1756 1771 8.
1785 1728 1862 1771 55.
1896 1728 1948 1769 11
2011 1728 2088 1768 20.
2115 1725 2192 1771 55.
2255 1727 2282 1768 9
2362 1720 2428 1784 -Ι-
2464 1726 2521 1767 18
2629 1724 2695 1785 -ι-
2765 1731 2794 1773 9

552 1789 631 1833 29.
692 1789 737 1829 8.
767 1787 829 1832 56
980 1790 1027 1832 5.
1056 1788 1134 1831 56.
1165 1786 1226 1831 17
1295 1792 1369 1833 22.
1389 1792 1463 1835 20.
1484 1793 1545 1834 27
1711 1794 1756 1835 8.
1783 1794 1862 1836 56.
1891 1791 1954 1833 42
2011 1792 2087 1832 22.
2117 1792 2196 1833 20.
2225 1790 2285 1831 10
2361 1810 2427 1821 --
2459 1790 2521 1832 25
2627 1788 2692 1851 -Ι-
2757 1792 2784 1836 7

550 1854 631 1895 50.
690 1854 737 1897 6.
768 1854 831 1895 20
981 1854 1029 1897 5.
1058 1850 1136 1895 58.
1197 1854 1229 1896 9
1296 1856 1370 1897 22.
1386 1856 1465 1897 52.
1482 1856 1543 1898 28
1707 1858 1758 1899 5.
1783 1858 1862 1899 58.
1892 1856 1951 1899 17
2011 1856 2086 1896 22.
2114 1856 2192 1897 52.
2227 1854 2284 1895 12
2361 1874 2427 1887 -
2491 1854 2520 1895 8
2733 1858 2794 1906 16

426 1914 551 1962 Nov.
586 1916 633 1961 5.
692 1918 739 1960 5.
766 1918 829 1961 58
981 1918 1028 1961 4.
1062 1915 1135 1959 16.
1162 1918 1227 1959 50
1294 1920 1371 1961 25.
1386 1920 1465 1961 58.
1480 1920 1544 1961 55
1709 1920 1757 1962 4.
1789 1921 1862 1965 16.
1891 1918 1953 1961 25
2011 1920 2086 1961 25.
2115 1920 2193 1961 58.
2253 1916 2284 1961 7
2361 1913 2426 1978 -Ι-
2492 1917 2519 1961 7
2627 1852 2694 1983 ‡
2731 1922 2793 1964 26

586 1982 632 2023 8.
692 1983 739 2025 7.
798 1982 829 2024 6
980 1983 1027 2025 4.
1057 1982 1137 2025 29.
1160 1982 1226 2023 56
1292 1984 1371 2025 24.
1421 1984 1545 2027 4.50
1708 1986 1756 2027 4.
1785 1986 1862 2029 29.
1891 1984 1952 2027 54
2011 1985 2086 2027 24.
2145 1983 2194 2024 4.
2221 1982 2284 2025 40
2361 2004 2427 2015 -
2461 1984 2519 2025 18
2624 2006 2690 2017 —-
2731 1986 2794 2028 10

557 2045 632 2089 14.
691 2047 737 2089 6.
766 2044 831 2088 20
982 2048 1029 2090 5.
1090 2047 1136 2088 2.
1166 2046 1226 2089 16
1266 2048 1371 2089 ·24.
1388 2050 1465 2090 48.
1481 2048 1545 2091 46
1708 2049 1755 2093 5.
1815 2050 1860 2090 2.
1889 2048 1947 2091 51
2011 2048 2086 2091 24.
2113 2048 2190 2089 48.
2253 2050 2282 2089 6
2361 2068 2424 2079 -·
2459 2048 2520 2089 35
2628 2044 2693 2107 -Ι-
2729 2052 2794 2091 80

556 2110 633 2153 20.
691 2111 738 2153 7.
766 2110 828 2153 45
980 2110 1027 2155 5.
1056 2108 1135 2151 42.
1164 2110 1228 2151 20
1294 2110 1369 2155 25.
1388 2114 1463 2154 24.
1482 2113 1544 2155 45
1708 2113 1754 2157 5.
1783 2114 1862 2156 45.
1893 2113 1951 2154 15
1994 2114 2085 2155 .25.
2116 2110 2192 2154 25.
2224 2110 2281 2152 17
2361 2132 2428 2145 —·
2460 2112 2522 2153 53
2626 2134 2692 2145 —
2728 2115 2792 2155 32

408 2172 525 2217 Dec.
587 2174 633 2216 7.
694 2176 737 2217 6.
766 2173 829 2219 45
985 2176 1031 2217 8.
1090 2176 1136 2215 4.
1168 2174 1227 2215 1·ss
1816 2178 1861 2217 5.
1890 2176 1952 2231 55
2008 2178 2084 2218 26.
2114 2176 2190 2218 55.
2220 2176 2284 2215 42
2363 2170 2428 2229 -1-
2469 2174 2525 2216 18

1296 2176 1371 2219 26.
1388 2176 1465 2219 54.
1486 2176 1544 2217 18
1711 2178 1756 2219 8.

418 2331 547 2395 His
577 2332 879 2417 exemplis
912 2314 1166 2397 abunde
1200 2328 1357 2399 satis
1390 2334 1792 2401 manifestum
1822 2352 1936 2413 est,
1971 2335 2141 2421 quod
2163 2313 2376 2397 ¹motus
2408 2347 2790 2397 cometarum
2817 2357 2934 2419 per

326 2438 641 2503 theoriam
658 2460 709 2503 ‘a
736 2442 919 2505 nobis
951 2442 1308 2527 expositam
1350 2466 1481 2506 non
1508 2444 1720 2507 minus
1751 2442 2040 2507 accurate
2069 2442 2462 2518 exhibentur,
2511 2439 2697 2527 quam
2731 2440 2934 2504 solent

325 2561 535 2613 motus
562 2550 959 2633 planetarum
990 2574 1107 2637 per
1136 2571 1354 2615 eorum
1382 2526 1676 2617 theorias.
1755 2554 1830 2639 (²)
1856 2552 1943 2617 Et
1969 2548 2303 2635 proptered
2331 2550 2514 2615 orbes
2547 2562 2932 2613 cometarum

326 2680 445 2742 per
488 2657 654 2721 hanc
696 2659 1007 2723 theoriam
1040 2643 1408 2725 ''enumerari
1448 2674 1736 2775 possunt,
1770 2674 1833 2725 et
1861 2674 2108 2744 tempus
2136 2647 2528 2744 periodicum
2558 2672 2821 2723 cometae
2864 2658 2932 2721 in

327 2764 613 2851 quolibet
636 2765 791 2831 orbe
814 2758 1191 2833 revolventis
1214 2768 1472 2833 tandem
1504 2769 1667 2847 sciri,
1703 2781 1765 2833 et
1794 2781 1930 2833 tum
1959 2768 2214 2831 demum
2244 2768 2492 2831 orbium
2513 2766 2931 2851 ellipticorum

325 2872 526 2937 latera
552 2885 913 2965 transversa
940 2887 1004 2939 et
1034 2875 1429 2961 apheliorum
1459 2876 1818 2940 altitudines
1847 2875 2258 2939 innotescent.

348 2976 350 2979 Α
422 2984 687 3049 Cometa
727 2985 1154 3073 retrogradUS,
1202 2987 1315 3072 qui
1356 2986 1647 3071 apparuit
1674 3008 1842 3049 anno
1877 2994 2064 3062 1607,
2111 2982 2438 3068 descripsit
2468 2982 2704 3059 orbem,
2753 2982 2930 3065 cujus

325 3090 553 3157 nodus·
583 3094 929 3159 ascendens
978 3102 1410 3181 (computante
1459 3086 1744 3178 Halieio)
1792 3108 1926 3159 erat
1968 3096 2034 3158 in
2094 3103 2136 3157 ὅ
2195 3102 2344 3159 20⁸1.
2371 3094 2512 3157 '212
2529 3116 2550 3169 ;
2608 3091 2930 3155 inclinatio

323 3197 503 3282 plani
524 3199 697 3263 orbis
719 3200 801 3263 ad
822 3198 1084 3284 planum
1108 3201 1415 3287 eclipticae
1439 3213 1573 3265 erat
1600 3210 1627 3264 1
1643 3188 1748 3269 7³5.
1773 3204 1881 3277 2‘.;
1899 3198 2284 3285 *perihelium
2309 3210 2443 3262 erat
2471 3198 2538 3261 in
2559 3208 2625 3257 ...Μ-’3
2654 3204 2760 3261 2⁸¹.
2789 3199 2933 3273 1623

326 3319 395 3371 et
444 3307 757 3393 distantia·
790 3310 1097 3393 perihelia
1148 3335 1187 3373 a
1240 3310 1389 3375 Sole
1436 3323 1571 3376 erat
1623 3294 1858 3389 58680,
1913 3312 2218 3385 existente
2267 3308 2446 3372 radio
2497 3308 2668 3371 orbis
2711 3306 2928 3394 magni

336 3420 614 3479 100000.
706 3414 795 3479 Et
824 3430 1068 3479 cometa
1098 3430 1231 3479 erat
1260 3416 1327 3479 in
1356 3416 1663 3501 perihelio
1702 3416 1932 3480 Octob.
1971 3415 2095 3481 16⁶.
2131 3413 2216 3479 3¹¹.
2251 3416 2371 3479 50'.
2467 3413 2779 3499 Congruit
2821 3413 2926 3475 hic

325 3520 501 3583 orbis
564 3521 1043 3607 quamproxime
1100 3545 1245 3586 cum
1305 3524 1469 3586 orbe·
1519 3538 1798 3600 cometae,
1855 3523 1964 3609 qui
2022 3522 2314 3606 apparuit
2363 3542 2529 3585 anno
2575 3529 2604 3585 1
2617 3528 2764 3585 682.
2855 3520 2926 3585 Si

324 3642 593 3693 cometae
634 3629 705 3692 hi
747 3629 877 3693 duo
916 3624 1150 3695 fuerint
1192 3654 1355 3695 unus
1386 3644 1449 3695 et
1476 3630 1665 3709 idem,
1711 3630 2064 3696 revolvetur
2091 3628 2196 3693 hic
2226 3640 2468 3693 cometa
2497 3627 2699 3711 spatio
2727 3648 2924 3690 anno-

322 3759 471 3803 rum
519 3744 624 3818 75,
644 3790 651 3799 -
674 3740 751 3824 (³)
798 3752 863 3805 et
904 3740 1042 3804 axis
1085 3742 1287 3826 major
1324 3740 1495 3804 orbis
1527 3730 1659 3825 ejus
1689 3728 1812 3803 erit'
1835 3740 1916 3803 ad
1945 3760 2127 3802 axem
2146 3730 2458 3823 'majorem
2487 3735 2657 3799 orbis
2687 3734 2920 3820 magni,

322 3857 399 3909 ut
442 3846 507 3910 V
544 3868 581 3910 c
621 3852 769 3913 :75
819 3860 872 3912 ><
918 3839 999 3914 75
1047 3846 1129 3910 ad
1176 3856 1235 3926 1,
1293 3870 1413 3941 seu·
1459 3854 1624 3915 1778
1680 3846 1762 3910 ad
1815 3856 1939 3911 100
1989 3845 2251 3910 circiter.
2366 3844 2444 3929 (¹³)
2499 3843 2587 3907 Et
2633 3842 2928 3906 distantia

324 3956 581 4041 aphelia
608 3969 873 4022 cometae
900 3956 1087 4044 hujus
1118 3982 1155 4022 a
1188 3960 1355 4037 Sole,
1382 3959 1506 4023 erit
1529 3960 1611 4022 ad
1640 3958 1996 4023 distantiam
2024 3958 2408 4023 mediocrem
2431 3956 2653 4020 Terrae
2682 3979 2722 4018 a
2753 3954 2921 4036 Sole,

322 4078 400 4129 ut
435 4074 531 4130 35·
551 4066 635 4130 ad
667 4075 697 4130 1
727 4067 1003 4159 circiter.
1096 4068 1169 4153 (⁰)
1205 4067 1453 4143 Quibus
1486 4068 1770 4155 cognitis,
1802 4066 1986 4133 haud,
2003 4065 2254 4129 difficile
2279 4063 2470 4129 fuerit
2497 4062 2718 4126 orbem
2745 4061 2926 4145 ellip-

336 4240 341 4247 ’
392 4236 466 4311 (f)
502 4242 531 4269 ¹*
570 4240 639 4287 Et
668 4237 929 4301 propter-ed.
1011 4236 1267 4295 Quomod'd
1288 4240 1400 4287 -haee
1436 4238 1597 4287 omnin
1666 4244 1774 4295 100,
1808 4253 1863 4285 ae
1895 4235 2091 4299 proinde
2119 4235 2336 4283 distantia
2366 4232 2550 4295 aphelia
2569 4248 2677 4295 quae
2697 4242 2768 4278 est
2788 4230 2925 4278 diffe-

328 4302 428 4347 fien
449 4301 643 4361 possint,
668 4305 805 4349 variis
824 4302 1059 4350 methodis
1080 4302 1222 4363 supra
1242 4304 1559 4364 exposuimus.
1660 4302 1812 4350 remia
1851 4303 1974 4348 inter
2015 4314 2154 4349 axem
2205 4299 2430 4361 majorem
2472 4298 2634 4345 orbitae
2687 4294 2924 4342 cometicae
2989 4360 2994 4365 ⁸

392 4365 463 4429 (ὅ)
489 4370 516 4397 *
542 4368 613 4415 Ee
644 4369 742 4415 amis
772 4367 923 4427 ‘major
954 4368 1079 4414 orbis
1110 4371 1212 4429 eJus
1250 4370 1338 4415 erit
1368 4364 1429 4415 ad
1460 4382 1597 4414 axem
1665 4370 1790 4415 1778
1813 4377 1862 4414 et
1875 4364 2142 4413 distantiam
2164 4364 2438 4425 periheliam
2455 4366 2536 4419 29,
2551 4360 2638 4407 erit
2653 4360 2924 4434 earumdem

1657 4434 1864 4493 partium
1888 4432 2027 4484 1749.
2061 4424 2264 4491 idedque
2285 4426 2503 4474 distantia
2522 4425 2705 4485 aphelia
2733 4434 2926 4471 cometae

1658 4498 1805 4559 hujus
1823 4511 1854 4542 a
1879 4494 1988 4542 Sole
2003 4492 2092 4539 erit
2107 4492 2168 4540 ad
2183 4492 2450 4539 distantiam
2466 4488 2748 4536 mediocrem
2766 4488 2926 4537 Terrae

1660 4576 1691 4607 a
1727 4559 1834 4607 So‘le
1865 4568 1921 4606 ut
1955 4561 2080 4607 1749
2112 4556 2174 4607 ad
2207 4562 2286 4613 29,
2309 4556 2400 4602 hoc
2431 4564 2515 4609 est,
2539 4562 2594 4599 ut
2616 4558 2678 4600 55
2701 4551 2762 4599 ad
2787 4557 2809 4598 1
2837 4554 2924 4597 cir-

1656 4635 1785 4671 elter-

1723 4688 1792 4751 (c)
1841 4690 1868 4719 ¹*
1921 4688 2096 4741 Quibus
2139 4686 2348 4747 cognitis.

1658 4752 1766 4801 Lib.
1793 4752 1875 4816 1.).
2119 4789 2123 4793 ,

324 4432 553 4493 majorem
593 4432 717 4477 orbis
751 4432 912 4493 magni
947 4440 1004 4478 ut
1038 4431 1172 4479 radix
1207 4432 1371 4479 cubica
1407 4432 1594 4478 numeri

325 4498 388 4542 75
416 4500 467 4550 ><
496 4497 559 4542 75
581 4494 641 4543 ad
671 4502 688 4541 ι
720 4496 880 4557 (172).

392 4558 459 4621 (¹²)
482 4562 507 4589 ⁴⁹
530 4562 596 4607 Ec
620 4560 839 4608 distantia
862 4562 1058 4621 aphelia.
1122 4559 1361 4615 Quoniam
1378 4559 1597 4608 distantia

324 4622 547 4681 perihelia
584 4632 779 4669 comem
816 4640 846 4671 a
886 4624 993 4671 Sole
1030 4633 1128 4671 erat
1159 4630 1332 4683 58680,
1364 4626 1592 4672 existente

326 4688 459 4732 radio
491 4687 617 4733 orbis
648 4688 808 4749 magni
848 4694 1037 4735 100000
1068 4690 1156 4735 erit
1177 4690 1339 4735 eadem
1372 4688 1591 4737 distantia

324 4750 546 4810 perihelia
567 4758 645 4809 29,
680 4752 859 4799 circiter
882 4753 1107 4800 existente
1128 4753 1257 4801 radio
1283 4754 1408 4802 orbis
1429 4754 1593 4815 magni

2441 4683 2561 4748 (Per
2605 4682 2744 4729 Pron.
2797 4679 2922 4727 XX.
3009 4688 3020 4705 ’
