3384 5509
303 461 530 532 hm
553 461 914 543 namma]
979 458 1466 529 PRmcIPIA
1491 413 2253 568 ΜΑᾸΓῌΕΜΑἹζΙοΑ.
2756 439 2919 537 139‘
2996 425 2999 430 ’

2661 689 2693 713 ,τ’

1313 713 1669 782 LEMMA
1714 713 1872 786 VII..

297 886 430 950 Per
458 885 663 947 datum
691 893 981 966 punctum
1013 883 1070 948 P
1099 883 1311 948 ducere
1337 895 1562 948 rectam
1591 885 1815 948 lineam
1848 883 1907 948 Β
1943 883 2018 962 C,
2064 905 2228 968 ciffus
2241 890 2461 968 partes
2505 883 2562 948 P
2590 883 2671 959 Β,
2720 881 2776 946 P
2808 881 2885 958 C,
2968 868 2974 876 ⁸

383 993 564 1055 rectis
591 990 818 1054 duabus
833 993 1141 1074 positione
1169 994 1334 1057 datis
1354 992 1419 1055 A·
1436 991 1524 1094 Β,
1558 991 1622 1068 A
1644 991 1721 1070 C,
1742 993 2035 1072 abscissae,
2066 995 2275 1058 datam
2302 993 2565 1057 habeant
2592 991 2889 1056 rationem
2965 1092 2972 1099 ὁ

320 1091 329 1098 ’
387 1091 770 1163 adinvicem·

389 1288 452 1352 A
477 1299 716 1372 puncto
743 1284 852 1351 illo
879 1285 935 1352 P
957 1287 1038 1352 ad
1064 1299 1378 1354 rectarum
1399 1289 1763 1356 alterutram
1792 1291 1855 1354 A
1876 1269 1935 1356 B

303 1391 568 1457 ducatur
623 1404 795 1458 recta
853 1393 1086 1478 quaevis
1155 1393 1211 1458 P
1269 1395 1358 1472 D,
1427 1405 1492 1458 et
1553 1394 1938 1479 producatur

303 1496 522 1560 eadem
565 1519 806 1560 versus.
829 1505 1064 1560 rectam
1113 1497 1372 1565 alteram
1418 1499 1483 1563 A
1515 1499 1573 1565 C
1613 1522 1815 1590 usque
1855 1499 1939 1565 ad

303 1599 384 1681 E,
437 1589 510 1666 ut
560 1603 640 1666 sit
691 1602 747 1668 P
779 1601 840 1666 E
891 1602 972 1666 ad
1025 1603 1082 1667 P
1112 1605 1180 1670 D
1221 1603 1289 1667 in
1331 1605 1477 1670 data
1521 1605 1628 1672 illa
1673 1609 1933 1674 ratione.

305 1711 439 1794 Ipsi
504 1707 566 1773 A
616 1710 684 1773 D
739 1710 1043 1794 „parallela
1092 1711 1173 1775 sit
1221 1713 1280 1776 Ε
1330 1713 1385 1777 C
1401 1737 1420 1792 3
1494 1725 1557 1777 et
1605 1713 1658 1778 si
1714 1725 1937 1802 agatur

309 1807 1934 1892 CPB,eritPCadPButPEadPD.

309 1919 555 2000 aas.

1309 2209 1663 2278 LEMMA
1709 2211 1903 2278 VIII.

307 2373 404 2439 Sit
436 2374 499 2438 A
523 2373 582 2438 Β
609 2376 665 2439 C
684 2377 990 2458 parabola
1018 2379 1355 2445 umbilicum
1381 2382 1606 2448 habens
1638 2384 1704 2450 S.
1782 2385 2027 2449 Chorda
2058 2384 2122 2448 A
2154 2383 2211 2449 C
2240 2375 2460 2448 bisecta
2489 2383 2557 2445 in
2588 2377 2623 2446 I
2652 2375 2892 2445 abscun-

394 2488 580 2550 datur
619 2498 975 2571 segmentum
1019 2489 1084 2553 A
1115 2491 1172 2554 B
1208 2491 1263 2554 C
1295 2491 1350 2570 I,
1395 2493 1560 2578 cujus
1588 2496 1881 2558 diameter
1906 2497 1989 2558 sit
2018 2495 2054 2558 1
2094 2519 2141 2569 μ
2178 2503 2240 2558 et
2279 2503 2482 2559 vertex
2507 2517 2571 2567 μ.
2677 2489 2759 2556 In
2789 2490 2824 2554 I
2849 2515 2897 2565 μ

382 2597 690 2678 producta
731 2599 1017 2678 capiatur
1041 2623 1087 2672 μ
1132 2597 1195 2662 Ο
1237 2602 1490 2684 cequalis
1531 2604 1787 2666 dimidio
1830 2604 2017 2685 ipsius
2063 2601 2094 2666 1
2136 2626 2199 2678 μ.
2286 2599 2597 2684 Jung‘atur
2627 2596 2691 2663 O
2724 2599 2790 2676 S,
2836 2606 2897 2661 et

380 2708 766 2788 producatur
793 2729 866 2770 ea
896 2709 983 2772 ad
1010 2709 1065 2788 ξ,
1097 2719 1166 2771 ut
1189 2711 1273 2773 sit
1304 2709 1350 2774 S
1377 2712 1414 2791 ξ
1441 2713 1697 2794 aequalis
1724 2719 1763 2774 2
1800 2713 1847 2776 S
1878 2711 1962 2776 O.
1988 2699 2011 2720 ²
2049 2713 2142 2775 Et
2168 2711 2225 2774 si
2250 2719 2474 2773 cometa
2506 2708 2565 2772 B
2592 2717 2900 2772 moveatm-

303 2887 312 2896 ι
391 2813 462 2874 in
492 2835 640 2876 arcu
674 2813 730 2878 C
765 2813 822 2878 Β
853 2815 936 2892 A,
983 2825 1044 2880 et
1071 2827 1298 2901 agatur
1334 2819 1371 2900 ξ
1417 2817 1474 2882 Β
1503 2842 1709 2884 secans
1738 2821 1800 2886 A
1834 2819 1889 2884 C
1920 2823 1987 2884 in
2020 2815 2117 2884 E:
2166 2821 2301 2885 dico
2329 2821 2487 2902 quod
2516 2813 2804 2900 punctum
2835 2815 2895 2880 Ε

395 2919 706 3010 abscindet
749 2921 824 2985 de
863 2922 1089 2986 chorda
1133 2922 1196 2987 A
1231 2921 1286 2988 C
1329 2936 1683 3010 segmentum
1726 2925 1791 2992 A
1823 2917 1886 2992 Ε
1916 2927 2170 3010 tempori
2185 2925 2651 3012 proportionale
2689 2936 2899 3008 quam*-

375 3028 680 3112 prooeme.
865 3047 870 3050 ·

305 3323 523 3372 secans
596 3321 812 3375 arcum
892 3312 1206 3396 paraboli-

303 3436 448 3477 cum
510 3416 574 3480 A
634 3417 693 3482 Β
762 3419 817 3483 c
874 3419 942 3482 in
999 3420 1082 3496 Y,
1143 3404 1208 3496 'qt

303 3535 531 3610 agatur
570 3550 616 3600 μ
659 3526 750 3608 Χ,
807 3550 948 3614 quae
991 3511 1206 3616 tangat
1313 3583 1320 3590 .

305 3623 579 3698 eundem
613 3657 830 3718 arcum
872 3638 938 3700 in
973 3639 1208 3702 vertice
1305 3689 1310 3696 .

299 3767 382 3820 μ,
407 3753 472 3806 et
513 3723 670 3807 actae
716 3744 776 3808 E
817 3741 880 3810 Ο
923 3757 1210 3830 occurrat

301 3852 370 3914 in
427 3851 538 3928 X3
602 3853 678 3937 (⁸)
723 3864 786 3916 et
829 3853 948 3920 erit
989 3875 1140 3922 area
1181 3852 1522 3920 c'urvilinea
1565 3853 1626 3918 A
1673 3852 1733 3916 E
1778 3853 1848 3916 X
1892 3877 1938 3928 μ
1984 3853 2049 3916 Α
2102 3849 2184 3914 ad
2232 3871 2442 3914 aream
2494 3845 2898 3912 eurvilineam
3004 3855 3007 3863 '

305 3959 369 4023 A
405 3960 463 4024 C
495 3961 724 4036 YaA
763 3973 836 4026 ut
879 3959 1161 4041 Ale-ad
1205 3965 1269 4027 A
1301 3963 1378 4027 C.
1475 3962 1755 4048 Ideoque
1802 3959 1946 4025 eum
1986 3955 2371 4048 ¹triangulum
2413 3958 2476 4022 A
2510 3958 2557 4023 S
2590 3957 2648 4022 E
2692 3957 2771 4020 sit
2814 3954 2896 4019 ad

366 4130 439 4196 (²)
478 4135 504 4163 '¹'
541 4135 730 4194 Et-en't
759 4151 885 4182 area.
961 4134 1200 4190 Quoniam
1233 4133 1406 4193 chorda
1443 4137 1489 4182 A
1527 4135 1568 4184 C
1632 4131 1787 4196 figura
1823 4132 1993 4194 aliqum
2022 4131 2165 4180 lineae
2193 4129 2255 4180 ad
2275 4129 2515 4180 vitandam
2545 4127 2893 4188 confusionem)
2972 4128 2990 4136 “

203 4233 214 4238 -
299 4195 476 4243 bisecta
511 4206 582 4243 est
616 4195 670 4247 in
705 4199 748 4253 Ι,
785 4198 875 4246 erit
909 4199 1347 4262 semi-segmentum
1387 4201 1436 4246 A
1473 4220 1510 4260 μ.
1541 4197 1570 4246 Ῑ
1632 4194 1892 4245 cumidem
1914 4198 1975 4244 sit
1994 4195 2219 4260 trianguli
2234 4196 2479 4258 utriusque
2494 4203 2647 4240 vertex
2667 4195 2731 4250 A,
2748 4194 2899 4256 sitque
3014 4193 3028 4208 ⁵

247 4309 251 4315 A
301 4261 484 4321 aequale
503 4261 891 4324 semi-segmento
919 4285 958 4324 μ
977 4263 1003 4310 Ι
1026 4263 1082 4311 C.
1156 4263 1278 4312 Ioem
1311 4263 1424 4323 quia
1453 4285 1492 4324 μ
1517 4263 1573 4310 X.
1631 4263 1753 4310 basis
1778 4261 1824 4308 Ο
1848 4261 1871 4306 1
1894 4258 2190 4322 sesquialtera
2210 4260 2333 4307 basis
2350 4279 2390 4320 μ
2408 4259 2452 4316 Ι,
2476 4257 2765 4320 triangulum
2788 4255 2899 4304 ver-6

298 4324 456 4386 tangit
477 4326 746 4383 parabolam
767 4326 819 4372 in
839 4347 892 4388 μ,
927 4327 1015 4376 erit
1043 4348 1081 4387 μ
1103 4327 1172 4386 X,
1195 4327 1416 4387 parallela
1435 4329 1570 4374 chor·
1637 4327 1684 4373 A
1698 4347 1737 4384 μ.
1752 4325 1799 4384 Ι,
1820 4324 2251 4384 subsesquitertium
2272 4331 2344 4371 est
2362 4321 2732 4384 suni-segmenti
2752 4323 2797 4368 A
2812 4342 2849 4382 μ.
2868 4321 2897 4368 1

300 4385 375 4434 dae
413 4389 462 4434 A
490 4389 532 4436 C
566 4391 672 4450 (per
707 4391 842 4437 Lem.
885 4389 978 4438 Iv.
1007 4390 1068 4438 de
1101 4391 1250 4438 conic·
1279 4389 1385 4438 Lib.
1409 4391 1480 4452 Ι.)
1515 4403 1570 4437 ac
1633 4389 1808 4450 (Prop.
1838 4387 2045 4436 XXIV.
2078 4385 2349 4434 Archimed.
2368 4386 2429 4432 de
2449 4389 2606 4446 parab.
2623 4385 2697 4432 vel
2722 4385 2891 4432 Theor.

299 4449 500 4510 proindt}
533 4453 825 4514 triangulum
864 4454 910 4501 Ο
937 4455 962 4502 1
989 4453 1036 4503 E
1069 4455 1219 4500 simile
1240 4463 1310 4500 est
1331 4453 1568 4516 triangulo
1633 4453 1731 4500 1v.
1778 4451 1839 4499 de
1872 4453 2029 4512 parab.
2079 4449 2187 4498 Lib.
2238 4450 2328 4512 L).
2402 4451 2566 4505 Quare
2606 4449 2898 4512 triangulum

304 4513 352 4561 Ο
373 4537 413 4574 μ.
439 4515 507 4567 X,
533 4513 736 4579 ide6que
757 4521 818 4565 ob
842 4517 870 4564 1
890 4519 938 4566 Ο
962 4517 1148 4577 triplam
1172 4517 1318 4577 ipsius
1336 4537 1374 4576 μ
1395 4518 1461 4576 Ο,
1482 4517 1571 4564 erit
1637 4517 1684 4564 A
1714 4515 1759 4563 O
1787 4516 1813 4565 1
1838 4525 1908 4562 est
1928 4515 2295 4579 sesquioctavum
2316 4513 2685 4576 semi-segmenti
2718 4515 2763 4560 A
2788 4535 2827 4572 μ.
2852 4513 2897 4570 1,

299 4578 594 4640 triangulum
619 4581 646 4628 Ι
671 4581 716 4628 Ο
737 4582 783 4628 Ε
805 4581 1029 4647 trianguli
1051 4603 1087 4642 μ
1112 4583 1158 4629 Ο
1186 4581 1254 4637 Χ,
1279 4581 1570 4642 noncuplum
1631 4581 1725 4626 hoc
1755 4589 1840 4636 est,
1874 4579 1923 4625 in
1956 4577 2134 4626 ratione
2154 4578 2409 4637 composita
2424 4583 2497 4624 'ex
2523 4577 2779 4624 rationibus
2804 4591 2897 4624 ses-

303 4651 352 4688 et
369 4644 664 4704 triangulum
689 4645 716 4694 1
743 4645 790 4692 Ο
815 4645 862 4692 E
883 4645 1075 4705 trapezii
1103 4646 1130 4692 Ι
1152 4665 1190 4705 μ
1214 4645 1266 4694 Χ
1292 4645 1356 4702 Ε,
1391 4644 1570 4708 sesqui-
1631 4640 1861 4706 quialterfi
1876 4652 1925 4690 et
1940 4639 2383 4704 subsesquitertiiiac
2398 4640 2593 4703 proinde
2606 4639 2896 4704 triangulum

303 4715 539 4754 octavum.
610 4708 844 4758 Praetereni
865 4709 1154 4771 triangulum
1180 4708 1207 4757 1
1237 4709 1284 4756 A
1311 4711 1374 4767 Ο,
1397 4718 1467 4756 est
1485 4708 1570 4756 tri-
1637 4708 1761 4755 A-0
1786 4708 1831 4762 1,
1855 4715 1925 4754 est
1945 4705 2006 4754 ad
2027 4705 2463 4768 serni-segmentum
2490 4707 2536 4752 A
2562 4725 2601 4767 μ,
2626 4705 2652 4751 Ι
2676 4705 2797 4752 sicut
2816 4705 2897 4752 tri-

306 4767 476 4832 anguli
514 4769 545 4817 I
581 4772 630 4819 A
659 4793 715 4834 μ,
769 4772 1127 4838 sesquiasterum
1169 4771 1478 4842 (omittuntur
1517 4773 1572 4820 in
1633 4771 1867 4836 angulum
1904 4769 1933 4820 1
1968 4771 2017 4820 0
2052 4770 2117 4830 Ε,
2152 4769 2213 4818 ad
2248 4770 2505 4833 “apetium
2536 4791 2575 4833 μ
2602 4769 2655 4818 Χ
2688 4769 2718 4817 1
2752 4769 2816 4826 Ε,
2850 4773 2901 4814 et

370 4853 492 4900 Von·
523 4855 633 4904 111.
665 4855 802 4906 PAns
825 4856 902 4906 11.
1575 4855 1634 4912 Ε,
1746 4927 1753 4936 .
