3384 5509
103 634 126 801 ‚l

101 861 117 891 f.

336 388 559 489 Lim
589 418 955 500 TEa-rma]
1032 406 1535 487 'PRINCIPIA
1580 410 2330 487 ΜΑΤΗΕΜΑΤῙΟΑ.
2797 426 2924 491 197

332 614 681 681 moventur,
715 620 908 691 quam
934 600 1298 691 longissime
1320 601 1556 667 distent
1584 601 1667 666 ab
1693 598 1985 681 invicem,
2015 616 2081 667 et
2110 621 2178 667 se
2203 598 2426 665 mutuo
2452 598 2642 686 qnam
2669 600 2926 669 minime

333 710 601 774 trahant.
694 708 842 787 Qua
874 711 953 775 de
982 710 1171 775 caus&
1203 722 1483 789 cometae,
1528 710 1677 797 quia
1720 708 1906 775 altius
1935 712 2346 789 descendunt,
2387 710 2662 797 ideoque
2698 710 2926 776 tardis·-

331 814 483 879 sime
511 828 847 883 moventur
874 818 941 881 in
971 817 1253 903 apheliiS,
1286 817 1521 882 debent
1548 815 1738 881 altius
1767 817 2122 882 ascendere.

415 925 699 1003 Cometa,
748 925 857 1015 qui
898 946 1067 989 anno
1113 934 1288 991 1680
1329 925 1641 1009 apparuit,
1688 925 1898 989 minus
1943 920 2216 991 distabat
2241 948 2284 989 a
2313 922 2462 990 Sole
2503 924 2571 987 in
2613 922 2919 1008 perihelio

326 1055 443 1101 suo·
467 1028 659 1121 quam
685 1049 866 1122 parte
896 1035 1072 1101 sexta
1104 1036 1391 1101 diametri
1435 1033 1639 1112 Solis3
1686 1046 1752 1099 et
1791 1046 2054 1121 propter
2083 1049 2400 1103 summanr
2419 1033 2810 1099 velocitatem
2852 1034 2922 1097 in

324 1138 543 1207 vicinia
572 1141 702 1222 illa,
736 1152 800 1208 et
828 1143 1197 1207 densitatem
1220 1138 1493 1229 aliquam
1514 1135 1956 1226 atmosphaerae
1991 1142 2174 1220 Solia
2205 1140 2618 1205 resistentiam
2649 1140 2921 1205 nonnul-

324 1250 451 1313 lam
495 1249 731 1315 sentire
771 1246 1009 1328 debuit,
1056 1262 1121 1315 et
1162 1248 1619 1335 aliquantulum
1648 1248 1976 1325 retardari,
2007 1259 2072 1312 et
2095 1244 2358 1332 propius
2385 1246 2468 1310 ad
2501 1246 2715 1313 Solem
2743 1269 2919 1311 acce-

322 1356 509 1421 dere:
558 1370 624 1422 et
652 1356 913 1444 singulis
944 1352 1441 1423 revolutionibus
1470 1355 1831 1421 accedendo
1860 1350 1943 1419 ad
1969 1350 2204 1433 Solem,
2234 1352 2468 1417 incidet
2495 1351 2550 1417 is
2571 1353 2823 1418 tandem
2851 1354 2920 1417 in

322 1483 553 1550 corpus
602 1465 787 1530 Solis·
881 1464 1009 1529 Sed
1052 1477 1119 1529 et
1160 1464 1226 1527 in
1272 1463 1523 1549 aphelio
1550 1463 1661 1527 ubi
1689 1457 2044 1526 tardissime
2074 1472 2382 1539 movetur,
2425 1456 2762 1546 aliquando
2804 1482 2922 1545 per

321 1573 751 1637 attractionem
786 1568 1050 1635 aliorum
1083 1584 1469 1637 cometarum
1498 1570 1810 1635 retardari
1837 1580 2068 1654 potest,
2095 1581 2159 1633 et
2187 1564 2454 1633 subinde
2481 1568 2550 1631 in
2583 1568 2796 1633 Solem
2824 1568 2921 1633 in-

322 1679 552 1745 cideret
640 1680 721 1764 (θ)
776 1680 881 1745 Sic
928 1679 1116 1745 etiam
1167 1678 1365 1745 stellae
1416 1676 1585 1758 fixoe,
1630 1699 1774 1765 quae
1821 1678 2127 1765 paulatim
2173 1676 2468 1763 expirant
2505 1676 2573 1739 in
2611 1676 2822 1741 lucem
2859 1688 2923 1741 et

320 1808 617 1879 vapores»,
640 1788 898 1853 cometis
928 1788 995 1853 in
1024 1787 1191 1871 ipsas
1219 1786 1639 1853 incidentibus
1670 1786 1848 1851 refici
1884 1797 2170 1871 possunt,
2201 1797 2265 1849 et
2289 1806 2460 1849 novo
2488 1782 2788 1847 alimento
2816 1805 2922 1849 ac-

320 1916 529 1958 censae
576 1914 701 1979 pro
753 1894 943 1959 stellis
992 1895 1171 1981 novis
1217 1893 1457 1961 haberi.
1550 1894 1770 1980 Hujus
1820 1896 2072 1983 generis
2123 1902 2276 1963 sunt
2320 1892 2519 1959 stellae
2560 1892 2729 1971 fixae,
2777 1905 2926 1981 quae

320 2004 534 2075 subito
564 2017 889 2091 apparent,
921 2017 989 2070 et
1014 2004 1131 2069 sub
1166 2004 1348 2069 initio
1378 2003 1567 2092 quam
1598 2004 1873 2069 maxime
1907 2003 2258 2089 splendent,
2305 2014 2370 2067 et
2396 2001 2660 2067 subinde
2703 2002 2925 2089 paula-

318 2114 431 2178 tim
460 2126 860 2179 evanescunt.
952 2114 1129 2179 Talis
1156 2115 1275 2179 fuit
1302 2114 1483 2179 stella
1510 2114 1579 2178 in
1608 2112 1910 2179 cathedra
1945 2110 2328 2197 Cassiopeiae
2364 2134 2552 2199 quam
2585 2112 2920 2177 Cornelius

325 2220 601 2297 Gemma
628 2232 851 2285 octavo
882 2215 1261 2285 Novembris
1289 2226 1481 2299 1572,
1528 2220 1860 2285 lustrando
1886 2216 2060 2283 illam
2090 2218 2233 2283 coeli
2273 2230 2520 2302 partem
2539 2229 2724 2283 nocte
2754 2240 2922 2282 sere·-

316 2314 417 2393 nfi'
448 2329 710 2394 minime
759 2330 949 2407 vidit3
1013 2340 1079 2395 at
1128 2343 1315 2395 nocte
1358 2328 1648 2417 proxima
1705 2330 2046 2414 (Novemb.
2095 2330 2186 2411 9.)
2230 2328 2386 2393 vidit·
2436 2327 2582 2393 fixis
2627 2328 2922 2407 omnibus

320 2438 841 2523 splendidiorem,
856 2452 939 2504 ·et
967 2439 1109 2504 luce
1138 2438 1249 2505 sua
1278 2440 1388 2504 vix
1417 2438 1746 2511 cedentem
1777 2440 2032 2505 Veneri.
2125 2440 2320 2504 Hanc
2351 2439 2580 2525 Tycho
2611 2437 2921 2503 Brahaeus

317 2547 479 2611 vidit
510 2548 845 2613 undecimo
873 2548 1153 2634 ejusdem
1182 2550 1416 2615 mensis
1446 2549 1558 2613 ubi
1598 2548 1874 2615 maxime
1903 2544 2262 2635 splenduit3
2307 2562 2372 2614 et
2402 2570 2482 2613 ex
2513 2572 2590 2613 eo
2634 2560 2920 2634 tempore

314 2654 621 2739 paulatim
650 2654 1115 2719 decrescentem
1144 2666 1209 2721 et
1238 2655 1441 2741 spatio
1457 2655 1770 2721 mensium
1793 2644 2110 2720 sexdecim
2133 2668 2604 2723 evanescentem
2623 2657 2920 2721 observa-

316 2761 422 2824 vit.
492 2762 721 2826 Mense
750 2762 1121 2841 Novembri,
1154 2762 1265 2827 ubi
1292 2756 1569 2849 prim‘um
1599 2764 1912 2849 apparuit,
1947 2764 2262 2829 Venerem
2289 2764 2432 2827 luce
2461 2763 2574 2827 sua
2603 2764 2916 2852 aequabat.

318 2867 554 2931 Mense
600 2868 946 2933 Decembri
990 2866 1281 2933 nonnihil
1332 2870 1641 2935 diminuta
1691 2870 1735 2935 J
1735 2890 1920 2935 ovem
1967 2892 2222 2957 aequare
2271 2869 2620 2935 videbatur.
2719 2871 2915 2935 Anno

376 3060 454 3125 (‘)
476 3054 580 3111 174.
604 3065 631 3093 ⁸
648 3065 722 3113 Sic
742 3064 884 3111 ctiam
905 3062 1181 3130 stellaeficae.
1242 3062 1323 3111 De
1343 3062 1583 3127 stellarum
1646 3062 1688 3111 si
1712 3078 1945 3125 ponamus
1972 3060 2096 3111 circa
2122 3062 2302 3111 stellam
2332 3076 2643 3124 compressam
2679 3061 2917 3111 revolvere

309 3124 647 3173 variationibus
678 3126 909 3175 nonnulla
939 3128 1017 3174 hic
1038 3126 1287 3175 afferemus
1305 3143 1413 3189 quae
1443 3128 1583 3175 habet
1646 3126 1883 3188 planetam
1905 3123 2112 3189 aliquam
2133 3127 2340 3190 ingentis
2361 3127 2498 3173 molis
2510 3134 2594 3173 aut
2610 3136 2839 3173 cometam
2861 3130 2915 3173 in

311 3189 488 3237 clariss·
518 3191 585 3239 D.
606 3190 667 3237 de
690 3191 991 3251 Maupertuis
1006 3192 1055 3237 in
1074 3191 1247 3247 eximio
1266 3192 1515 3253 Opusculo
1527 3192 1589 3239 de
1649 3190 1802 3239 orbita
1832 3191 1968 3239 valde
1999 3190 2260 3239 excentrica
2291 3201 2340 3239 et
2360 3191 2420 3239 ad
2453 3200 2736 3253 aequatorent
2767 3189 2916 3237 stellae

316 3252 510 3316 Figuris
547 3256 798 3302 Astrorum
831 3264 879 3303 et
911 3255 961 3301 in
994 3256 1133 3303 Mon.
1161 3255 1307 3303 Paris.
1341 3260 1417 3303 afl-
1446 3260 1582 3305 17:34.
1650 3254 1904 3314 inclinat&
1953 3255 2004 3302 in
2042 3256 2130 3303 hac
2164 3256 2291 3303 enim
2323 3256 2584 3317 hypothesi,
2630 3255 2819 3315 planeta
2852 3255 2913 3301 ad

315 3318 474 3375 Fixas,
510 3333 619 3379 quar
650 3328 763 3365 sunt
798 3318 994 3366 totidem
1036 3320 1181 3375 Soles,
1220 3320 1357 3367 variis
1384 3320 1580 3368 donatas

312 3396 415 3431 esse
444 3381 605 3445 figuris
638 3392 685 3429 et
706 3398 765 3431 ex
792 3382 851 3428 iis
871 3382 1052 3445 aliquas
1073 3383 1132 3431 ad
1154 3382 1359 3447 figuram
1386 3384 1579 3445 planam

310 3446 403 3509 vel·
426 3446 668 3505 planitiem
703 3446 922 3495 accedere
953 3463 1051 3495 non
1080 3458 1326 3511 repugnat.
1398 3449 1528 3495 Nam
1550 3464 1579 3496 a

311 3510 573 3569 sphaeroide
594 3511 932 3570 propemodum
953 3512 1178 3571 sphaerico
1197 3528 1281 3573 per
1308 3512 1580 3559 innumeros

311 3574 491 3637 gradus
512 3573 817 3633 depressionis
838 3590 865 3621 v
940 3590 997 3623 us
1027 3576 1161 3637 polos
1182 3575 1368 3623 tandem
1390 3576 1583 3623 deveni-

312 3647 395 3685 tur
427 3636 490 3685 ad
526 3636 723 3699 planum
763 3638 891 3687 circu
938 3654 1003 3697 re,
1039 3640 1081 3687 si
1119 3636 1345 3689 continuo
1383 3642 1584 3687 varietur

310 3701 435 3749 ratio
460 3702 529 3749 vis
556 3702 835 3765 centrifugie
866 3700 930 3749 ad
964 3704 1255 3767 gravitatem,
1287 3712 1343 3751 ut
1370 3712 1498 3765 patet
1525 3712 1583 3751 eit

312 3780 449 3813 num.
478 3771 558 3815 56.
628 3766 726 3813 His
762 3766 939 3827 positis,
972 3768 1094 3817 ratio
1129 3767 1261 3815 reddi
1298 3769 1469 3829 poterit
1500 3784 1589 3816 cur

312 3830 424 3879 fixae
444 3830 662 3893 quaedam
683 3846 811 3877 nunc
832 3841 1101 3892 appareant,
1134 3848 1263 3881 nunc
1290 3844 1583 3892 evanescant,

309 3911 403 3943 cur
446 3902 656 3943 mutetur
708 3908 937 3957 apparens
985 3896 1229 3945 stellarum
1272 3897 1585 3959 quarumdam

311 3960 610 4022 magnitudo,
654 3974 743 4006 nec
786 3975 882 4007 non
926 3960 1067 4009 etiam
1110 3976 1197 4009 cur
1228 3962 1375 4009 stellae
1412 3962 1583 4025 aliquae

310 4024 449 4086 quasi
488 4038 651 4071 recens
684 4031 890 4072 ‘accensae
926 4026 1037 4072 oriri
1070 4026 1183 4073 visse
1218 4024 1325 4083 sint,
1364 4026 1583 4087 quaedam

311 4087 425 4136 vero
444 4087 579 4152 quasi
601 4089 818 4137 extinctae
840 4089 986 4137 videri
1007 4090 1244 4139 desierint·
1316 4090 1366 4137 Si
1398 4090 1449 4137 in
1472 4090 1579 4139 stel-

313 4152 469 4200 larum
511 4168 711 4201 numero
744 4155 1035 4213 reperiantur
1070 4154 1241 4216 aliquae
1284 4153 1347 4202 ad
1378 4155 1584 4217 figuram

312 4216 505 4276 planam
525 4217 816 4275 accedentes,
848 4218 942 4265 ille
963 4218 1079 4265 dum
1100 4218 1271 4267 faciem
1292 4234 1426 4267 suam
1449 4218 1584 4267 nobis

312 4283 576 4339 obvertunt,
620 4284 907 4343 sphaerarum
944 4282 1095 4331 instar
1134 4285 1439 4345 apparebunt.
1530 4284 1581 4330 Si

311 4346 1582 4473 ³2:⁶31zzffiffiffifflssffizwss

314 4484 453 4533 prout
474 4474 565 4522 hoe
586 4474 660 4521 vel
689 4475 773 4523 illo
792 4474 935 4521 modo
956 4491 1055 4523 sese
1076 4477 1211 4523 nobis
1232 4476 1491 4531 ostendent,
1527 4493 1582 4524 ac

313 4538 505 4585 tandem
526 4539 712 4601 exiguae
733 4539 953 4587 crassitiei
984 4540 1109 4587 latus
1136 4540 1385 4589 exhibeant
1406 4550 1453 4589 et
1473 4542 1585 4587 satis

314 4602 393 4649 lon
477 4618 506 4651 a
527 4604 663 4651 nobis
682 4602 869 4661 distent,
894 4605 1162 4663 conspectui
1184 4616 1347 4654 nostro
1366 4621 1465 4651 sese
1480 4620 1585 4651 om-

274 4682 285 4693 ·
314 4665 433 4715 nino
453 4666 733 4717 subducent.
786 4666 1045 4723 Quomodo
1068 4678 1225 4717 autem
1246 4668 1353 4716 ἥκω
1374 4680 1587 4728 respectu

318 4732 461 4780 nostri
482 4734 758 4793 positionem
781 4748 917 4781 suam
938 4741 1139 4791 mutent,
1164 4734 1389 4795 explicari
1420 4743 1584 4796 potest,

1642 3319 1922 3381 perihelium
1937 3334 2077 3366 suum
2093 3320 2318 3368 accedens
2332 3320 2472 3382 juxta
2485 3319 2770 3367 attractionis
2786 3319 2914 3381 leges

1641 3384 1994 3431 inclinationem
2011 3383 2118 3431 fixae
2131 3386 2285 3444 planae
2300 3384 2600 3445 perturbabit,
2616 3392 2664 3430 et
2684 3383 2794 3430 hinc
2809 3382 2912 3429 fieri

1640 3449 1814 3513 poterit
1845 3458 1900 3495 ut
1928 3456 2108 3508 partem
2131 3448 2336 3496 lucidam
2357 3448 2470 3495 disci
2503 3447 2639 3495 nobis
2661 3444 2906 3495 ’obversam

1642 3510 1999 3573 conspiciamus,
2020 3527 2128 3574 quae
2151 3514 2211 3560 ob
2232 3513 2453 3574 exiguam
2483 3511 2641 3559 lateris
2661 3512 2910 3573 compressi

1650 3576 1904 3624 crassitiem
1936 3576 2099 3623 oculos
2120 3586 2302 3623 nostros
2321 3577 2459 3623 antea
2489 3576 2762 3638 effugiebat.
2811 3576 2912 3621 ·Ex

1645 3640 1722 3687 his
1741 3656 1929 3703 quoque
1949 3640 2229 3703 intelligitur
2247 3640 2351 3687 fieri
2371 3656 2508 3701 posse
2530 3652 2586 3687 ut
2607 3637 2731 3687 οἱκαὶ
2749 3638 2912 3699 plane-

1648 3714 1746 3753 tam
1769 3714 2082 3767 congregetur
2101 3702 2307 3751 annulus
2332 3702 2520 3751 Saturni
2535 3702 2713 3751 annulo
2729 3703 2910 3756 similis,

1648 3769 1687 3816 si
1703 3784 1872 3830 nempe
1885 3777 2069 3816 cometa
2085 3769 2220 3831 cujus
2236 3770 2387 3815 cauda
2399 3783 2459 3815 ex
2472 3768 2719 3831 vaporibus
2733 3766 2913 3813 tenuis-
2962 3790 2974 3795 -

1646 3826 1778 3880 simis
1799 3842 1914 3879 aestu
1938 3832 2060 3880 Solis
2079 3832 2130 3879 in
2153 3832 2376 3893 perihelio
2394 3832 2583 3881 elevatis
2598 3831 2909 3892 componitur,

1646 3896 1709 3945 ad
1729 3898 1966 3959 planetam
1987 3897 2191 3959 aliquem
2213 3895 2418 3945 maxime
2438 3906 2678 3958 potentem
2697 3892 2910 3957 proxime

1628 3962 1899 4031 ‚accederes
1967 3961 2068 4009 Hic
2106 3962 2235 4009 enim
2273 3976 2500 4022 vaporum
2533 3972 2713 4009 torrens
2744 3969 2911 4010 attrac-

1645 4023 1788 4073 tionis
1811 4025 1858 4073 vi
1891 4026 1952 4074 ad
1968 4025 2318 4091 ssrevolvendum
2339 4022 2481 4076 circa.
2489 4024 2724 4086 planetam
2747 4024 2914 4071 annuli

1644 4090 1794 4138 instar
1831 4099 1988 4152 posset
2022 4090 2320 4152 detorquerig
2354 4090 2452 4139 imo
2489 4089 2776 4151 impossibile
2813 4102 2913 4137 non

1644 4154 1768 4202 foret
1797 4152 1955 4215 ipsum
1987 4153 2174 4217 quoque
2194 4168 2364 4215 corpus
2385 4162 2579 4202 cometae
2600 4153 2721 4201 circa
2751 4152 2914 4213 plane-

1646 4228 1744 4266 tam
1788 4220 1886 4279 rapi
1931 4228 1980 4267 et
2024 4219 2090 4267 sic
2132 4218 2319 4280 planeta
2351 4218 2599 4266 satellitem
2636 4220 2908 4281 acquireret.

1650 4284 1864 4331 Haberet
1883 4293 2040 4331 autem
2063 4283 2251 4344 planeta
2269 4282 2515 4330 satellitem
2537 4284 2638 4330 sine
2657 4282 2851 4338 annulo,
2875 4283 2916 4328 si

1644 4356 1828 4396 cometa
1849 4348 2176 4395 destitueretur
2196 4344 2363 4404 cauda,
2398 4348 2480 4395 s'ed
2503 4345 2749 4409 adjicietur
2770 4346 2916 4393 etiam

1644 4410 1866 4467 annulus,
1899 4413 1939 4459 si
1973 4422 2156 4459 cometa
2175 4412 2377 4459 caudam
2397 4412 2626 4467 habuerit,
2660 4409 2802 4473 atque
2829 4426 2914 4457 an-

1647 4477 1792 4523 nulus
1821 4476 1970 4525 aderit
2000 4476 2101 4523 sine
2129 4474 2342 4534 satellite,
2365 4474 2411 4535 si
2444 4476 2593 4523 cauda
2625 4474 2857 4523 duntaxat
2887 4489 2916 4521 a

1646 4538 1837 4602 planeta
1878 4540 2148 4589 attrahatur.
2221 4540 2347 4587 Hoec
2389 4550 2501 4588 sunt
2531 4555 2641 4603 quae
2676 4539 2738 4587 ad
2785 4540 2914 4586 hunc

1654 4604 1878 4651 Newtoni
1910 4603 2067 4652 locum
2099 4602 2336 4665 praecipue
2359 4605 2660 4661 referuntur3
2693 4613 2916 4650 caeterum

1648 4670 1698 4715 in
1723 4668 1925 4716 laudatis
1955 4668 2195 4729 opusculis
2217 4668 2562 4731 elegantissima
2581 4678 2695 4716 sunt
2721 4668 2914 4717 Proble-

1650 4744 1776 4783 mata
1797 4749 1904 4797 quae
1924 4732 2137 4781 consulat
2157 4733 2315 4781 lector.
