3384 5509
567 410 690 466 104
1181 369 1867 458 PH1LosoPH1AE
1914 382 2457 448 NATURALls
2502 380 2645 462 [DE
2680 381 2926 446 Mun».
2960 381 3147 448 sm.

549 573 866 648 velocitaS,
915 566 1038 654 qua
1083 577 1368 630 centrum
1407 560 1576 626 orbis
1616 559 1823 624 Lunae

551 682 619 744 in
646 677 810 743 linea
857 675 1128 762 quadam
1173 672 1363 736 curva
1393 671 1630 734 circum
1675 670 1844 732 cen-'

551 801 724 852 trum
784 785 839 848 C
905 778 1212 864 descripta
1267 775 1638 850 movebitur,
1704 772 1825 836 erit

551 891 868 978 reciproce
899 903 970 955 ut
998 890 1198 954 cubus
1235 885 1546 952 distantiae
1579 881 1745 948 Solis
1786 903 1825 944 a

556 1001 759 1066 Terra
792 994 1287 1086 quamproxime,
1319 1006 1392 1058 ut
1419 1001 1686 1077 oportet.

643 1107 1048 1192 Computatio
1090 1104 1296 1170 motus
1324 1102 1509 1187 hujus
1553 1097 1823 1163 difficilis

471 1225 476 1232 '
549 1229 660 1295 est,
687 1217 797 1282 sed
819 1217 1056 1280 facilior
1073 1214 1370 1279 reddetur
1385 1233 1501 1298 per
1519 1207 1815 1294 approxi-

548 1328 885 1390 mationem
935 1335 1316 1410 sequentem.
1407 1322 1476 1386 Si
1517 1317 1812 1384 distantia
1851 1307 2181 1379 mediocris
2211 1308 2413 1373 Lunae
2442 1331 2480 1372 a
2509 1307 2713 1372 Terra
2744 1309 2823 1372 sit
2850 1311 3121 1393 partium

553 1444 831 1511 100000,
885 1447 948 1497 et
997 1432 1420 1496 eccentricitas
1474 1429 1536 1493 T
1585 1428 1640 1492 C
1685 1427 1765 1490 sit
1804 1423 2076 1509 partium
2128 1427 2295 1484 5505
2340 1429 2411 1481 ut
2454 1440 2679 1502 supra:
2740 1433 2911 1482 recta
2956 1421 3013 1484 C
3064 1421 3119 1484 B

549 1539 650 1604 vel
696 1540 752 1603 C
786 1539 857 1603 D
900 1537 1248 1602 invenietur
1287 1535 1560 1621 partium
1607 1543 1635 1596 1
1652 1539 1729 1600 17
1735 1536 1815 1613 2}
1846 1548 1909 1594 et
1935 1537 2105 1591 recta
2134 1525 2203 1590 D
2234 1525 2289 1588 F
2316 1523 2588 1606 partium
2634 1525 2777 1603 35}.
2872 1524 2957 1588 Et
2984 1524 3117 1590 haec

549 1661 720 1712 recta
765 1647 846 1710 ad
889 1645 1246 1710 distantiam
1292 1644 1356 1707 T
1404 1643 1459 1707 C
1502 1639 1823 1705 subtendit
1850 1635 2149 1722 angulum
2176 1631 2259 1694 ad
2290 1631 2555 1694 Terram
2584 1651 2772 1716 quem
2800 1632 3115 1698 translatio

555 1755 756 1819 centri
783 1754 954 1817 orbis
983 1777 1022 1817 a
1048 1753 1197 1818 loco
1226 1753 1294 1818 D
1323 1751 1406 1816 ad
1433 1751 1638 1814 locum
1673 1748 1729 1812 F
1756 1755 2015 1834 generat
2042 1743 2107 1806 in
2137 1751 2312 1804 motu
2334 1739 2531 1804 centri
2558 1738 2779 1824 hujus:
2810 1752 2875 1803 et
2902 1742 3116 1806 cadem

543 1947 730 2005 tim-um,
755 1946 1039 1994 iuveniretur
1058 1946 1098 1993 is
1117 1954 1274 1993 motus
1295 1943 1492 2008 singulis
1512 1943 1564 1989 in

731 2051 796 2060 ....
817 2017 847 2057 2
862 2025 894 2056 x

545 2049 659 2096 locis
683 2065 714 2096 o
735 2065 782 2114 4.
815 2073 896 2136 -ἱ-
917 2065 963 2107 o,
986 2058 1034 2096 et
1052 2049 1120 2096 ita
1134 2056 1398 2108 assumptus
1413 2046 1566 2094 fuerat
2035 2045 2070 2114 ᾖ
2430 2063 2507 2107 ²³<-

542 2151 593 2198 in
627 2151 780 2211 prIma
819 2151 1158 2200 constructione
1191 2147 1305 2214 (vid.
1344 2157 1441 2195 not·
1480 2147 1562 2212 (¹¹²)
2591 2186 2600 2197 ,

542 2216 785 2278 praeced.),
820 2231 933 2279 ergo
975 2214 1164 2276 singulo
1205 2215 1254 2259 in
1297 2211 1402 2258 loco
1438 2227 1564 2258 error

542 2280 817 2326 commissus
869 2295 951 2340 per
1004 2280 1123 2324 hanc
1167 2276 1401 2323 fictionem
1445 2274 1567 2322 foret
2307 2240 2596 2409 l
2649 2338 2658 2351 ¹

543 2386 604 2446 ss
625 2357 689 2467 Ξ-
713 2397 772 2441 ο;
802 2381 971 2444 pariter
991 2381 1030 2430 si
1057 2380 1177 2428 Solis
1197 2351 1358 2427 molus
1376 2377 1561 2426 medius
1890 2076 2618 2439 &A

541 2483 724 2532 dicatur
753 2499 805 2538 m
834 2493 1070 2532 ostensum
1102 2491 1172 2530 est
1203 2483 1322 2546 (not·
1349 2481 1420 2546 (¹¹)
1434 2496 1556 2544 ‘pag-

543 2553 624 2605 96,
680 2548 782 2610 97.)
845 2546 1153 2596 differentiam
1207 2547 1329 2593 inter
1378 2555 1564 2594 motum

655 2651 666 2662 ο
1139 2617 1295 2662 --ιι2χ
1437 2651 1450 2662 ο
1519 2647 1536 2664 t

545 2650 754 2699 medmm
775 2662 822 2701 et
843 2665 1120 2699 verumesse
1141 2668 1189 2712 4
1221 2675 1294 2738 ἶ
1317 2665 1402 2709 m3
1434 2649 1564 2698 :deo-

865 2795 878 2806 .
937 2797 998 2806 .-.
1036 2769 1070 2800 Σ
1243 2759 1404 2805 ...21
1529 2793 1543 2804 .

542 2791 770 2857 quecum
791 2804 988 2858 ἵππιοι-ς.
1021 2793 1220 2881 ἶοαᾶ
1245 2811 1294 2856 4.
1324 2802 1566 2880 ·a—m,s1t

540 2897 594 2944 in
613 2895 811 2959 singulis
825 2897 1011 2958 punctis
1031 2911 1064 2943 x
1085 2895 1268 2954 eadem,
1283 2895 1484 2960 aequatio
1503 2910 1563 2942 ex

540 3015 692 3048 errore
715 3004 779 3063 ’4.-
792 2977 854 3087 Ξ-
886 3016 919 3048 ο
955 3009 1055 3048 orta
1088 2998 1178 3047 erit
1205 2997 1558 3060 proportionalis

539 3144 786 3208 aequationi
809 3159 865 3192 ex
887 3147 948 3208 ζ
966 3109 1047 3230 Ξῖ-
1067 3158 1118 3188 m
1137 3152 1269 3203 ortae,
1285 3144 1373 3194 hoc
1387 3151 1459 3190 est
1473 3141 1560 3190 erit

538 3247 892 3309 proportionalis
933 3248 1184 3310 aequationi
1226 3247 1371 3297 cent-ri
1407 3246 1528 3295 Solis
1540 3264 1556 3306 3

539 3313 620 3359 sed
644 3312 841 3374 aequatio
861 3311 1006 3358 centri
1033 3313 1152 3359 Solis
1173 3321 1240 3360 est
1263 3311 1559 3374 quamproxi-
1649 3324 1725 3380 Α

540 3375 619 3422 me
641 3375 994 3436 proportionalis
1014 3375 1138 3423 sinui
1160 3375 1404 3423 anomaliae
1437 3374 1556 3422 Solis

540 3449 637 3485 not.
658 3443 770 3486 372.
789 3438 897 3484 Lib·
921 3439 962 3484 Ι.
983 3451 1093 3484 nam
1108 3439 1204 3486 illic
1220 3440 1561 3496 demonstratur

540 3503 669 3563 quod
705 3501 744 3546 Εἰ
781 3516 837 3547 ²¹
870 3509 1068 3562 utroque
1109 3503 1214 3549 foco
1255 3505 1290 3556 S.
1325 3511 1372 3548 et
1407 3517 1430 3548 ⁵
1464 3503 1626 3551 orbitoe
1667 3507 1789 3555 Solis
1858 3504 2131 3568 aequationis
2148 3504 2282 3562 Solis,
2297 3505 2392 3552 sive
2404 3503 2465 3552 ad
2486 3506 2637 3566 ipsam
2650 3505 2978 3567 aequationem,
3000 3519 3107 3550 nam

541 3565 775 3613 ducantur
793 3564 928 3611 lineae
949 3566 1009 3612 ad
1030 3576 1256 3627 punctum
1285 3567 1341 3622 P,
1365 3565 1451 3613 erit
1485 3566 1528 3613 B
1551 3583 1574 3614 s
1599 3569 1640 3616 P
1672 3586 1785 3618 ano·
1857 3571 1909 3616 in
1931 3571 2082 3630 parvis
2114 3569 2313 3632 augulis,
2348 3584 2483 3615 arcus
2514 3585 2601 3628 pro
2632 3569 2828 3616 sinubus
2859 3569 2986 3616 sumi
3006 3581 3107 3628 pos-

1856 3643 1980 3680 sunt.
2054 3633 2186 3680 Hinc
2208 3633 2338 3679 sinus
2359 3633 2607 3679 anomaliae
2638 3647 2760 3683 verae
2782 3641 2853 3679 est
2872 3633 2935 3679 ad
2956 3646 3107 3694 aequa-
3162 3694 3167 3698 ¹
3202 3631 3209 3638 ’

1856 3699 2031 3745 tionem
2053 3697 2198 3744 centri
2224 3696 2343 3744 Solis
2374 3697 2422 3742 in
2456 3687 2635 3743 mssone
2656 3695 2766 3743 data
2796 3695 2915 3742 radii
2945 3711 3108 3754 nempe

1855 3761 1916 3808 ad
1937 3761 2129 3822 duplam
2150 3760 2565 3818 excentricitatem3
2588 3760 2699 3807 hinc
2719 3761 2893 3822 itaque,
2915 3761 3109 3821 oequatio

1854 3871 1955 3914 orta
1984 3879 2043 3912 ex
2064 3877 2215 3911 errore
2238 3867 2298 3926 ’.ζ
2330 3838 2389 3949 -Ξ-
2419 3877 2464 3919 o,
2498 3864 2586 3912 erit
2615 3870 2672 3910 ut
2700 3861 2833 3910 sinus
2865 3861 3106 3910 anomaliae

1858 3967 1993 4026 Solis,
2028 3967 2111 4014 sed
2145 3965 2352 4028 angulus
2387 3966 2428 4014 C
2454 3967 2507 4013 D
2532 3967 2574 4014 F
2608 3974 2681 4013 est
2712 3971 3105 4028 complementum

1852 4032 1956 4094 ejus
1972 4031 2219 4079 anomaliae
2248 4030 2311 4077 ad
2342 4029 2500 4078 360⁸¹.
2524 4031 2659 4078 sinus
2674 4041 2836 4078 autem
2856 4030 2993 4078 arcus
3022 4031 3105 4077 ali-

1852 4096 1989 4158 cujus
2006 4105 2055 4144 et
2074 4095 2205 4142 sinus
2223 4095 2329 4158 ejus
2358 4094 2687 4156 complementi
2720 4095 2781 4142 ad
2814 4096 2969 4144 3603‘.
2998 4102 3105 4141 sunt

1852 4211 2005 4246 unum
2036 4209 2084 4248 et
2118 4198 2259 4256 idem,
2284 4214 2397 4262 ergo
2426 4199 2627 4262 aequatio
2654 4214 2712 4248 ex
2742 4215 2898 4248 errore
2924 4205 2981 4265 ss
3003 4173 3104 4285 Ξ-(ι

540 4299 682 4351 malin
699 4300 868 4357 media,
905 4311 953 4349 et
976 4303 1021 4349 B
1047 4303 1082 4350 S
1107 4303 1152 4350 P
1169 4304 1400 4351 annualia
1432 4319 1552 4361 vera,
1589 4302 1789 4368 ide6que
1850 4311 1962 4350 nata
1982 4311 2051 4350 est
2082 4301 2435 4364 proportionalis
2452 4303 2577 4350 sinui
2598 4303 2883 4366 angulorum
2910 4303 2955 4351 C
2976 4303 3029 4350 D
3047 4301 3101 4359 F,

540 4365 742 4424 angulus
767 4366 801 4413 S
818 4365 900 4412 ΡΒ
919 4367 1006 4414 erit
1027 4367 1244 4429 equatio,
1263 4367 1461 4416 ducatur
1481 4383 1593 4432 ergo
1615 4385 1674 4416 ex
1693 4385 1718 4416 s
1736 4369 1789 4416 in
1848 4377 1898 4414 et
1932 4367 1973 4413 si
2010 4377 2223 4414 sumatur
2257 4367 2417 4414 radius
2452 4366 2505 4414 D
2545 4366 2589 4414 F
2620 4367 2813 4428 aequalis
2852 4367 3101 4430 aequationi

545 4427 578 4473 S
604 4427 647 4474 P
666 4429 1049 4490 perpendiculum
1071 4447 1094 4478 s
1117 4433 1163 4478 E
1187 4437 1235 4478 et
1255 4447 1312 4478 ex
1341 4433 1384 4478 P
1401 4433 1787 4494 perpendiculum
1848 4431 2068 4478 maximae
2086 4433 2199 4477 hinc
2220 4440 2359 4487 natae,
2391 4429 2546 4478 coeteri
2567 4445 2730 4477 omnes
2752 4431 2883 4478 sinus
2904 4432 3100 4495 angulo-

544 4490 588 4559 Β
613 4491 678 4549 R,
693 4495 752 4539 ob
790 4492 1140 4542 similitudinem
1177 4495 1516 4558 triangulorum
1554 4498 1586 4544 S
1607 4515 1630 4545 s
1655 4500 1700 4546 E
1736 4507 1784 4545 et
1850 4509 1956 4541 rum
1982 4496 2023 4542 C
2048 4496 2101 4542 D
2120 4495 2162 4542 F
2182 4503 2318 4541 erunt
2339 4495 2451 4555 ipsae
2472 4494 2753 4557 aequationes
2773 4495 2823 4541 in
2846 4494 2961 4544 data
2988 4495 3104 4543 Solis

539 4568 563 4599 s
587 4553 630 4600 P
657 4556 704 4602 R
740 4558 840 4611 erit,
884 4558 918 4604 S
943 4558 985 4604 P
1021 4559 1082 4605 ad
1123 4559 1168 4604 P
1192 4559 1240 4606 R
1265 4568 1328 4606 nt
1361 4559 1395 4606 S
1415 4575 1439 4606 s
1468 4561 1529 4607 ad
1559 4577 1584 4606 s
1608 4563 1666 4615 E,
1692 4562 1787 4608 sive
1850 4557 2096 4614 anomalia,
2130 4559 2169 4604 si
2198 4559 2355 4620 itaque
2379 4567 2624 4605 sumantur
2643 4574 2673 4605 a
2693 4573 2871 4618 puncto
2897 4561 2951 4608 D
2971 4573 3100 4608 arcus

538 4618 770 4693 sumendo
809 4621 846 4666 S
883 4621 928 4668 P
963 4636 1048 4681 pro
1089 4621 1220 4670 radio
1261 4623 1492 4670 constanti
1531 4625 1678 4688 (quod
1716 4635 1785 4672 est
1856 4623 1905 4669 D
1927 4624 1954 4669 f
1966 4623 2018 4669 in
2038 4623 2213 4670 circulo
2238 4624 2281 4670 B
2304 4623 2353 4670 D
2377 4623 2423 4668 A
2445 4622 2647 4686 aequales
2666 4617 2763 4672 illis
2784 4625 2994 4682 sinubus-5
3018 4622 3101 4670 erit

536 4681 748 4741 proxxme
773 4685 953 4744 verum)
988 4685 1088 4741 erit,
1125 4694 1178 4732 ut
1208 4686 1365 4733 radius
1395 4684 1456 4732 ad
1485 4687 1643 4734 simun
1669 4705 1782 4735 ano·
1848 4686 1875 4730 f
1898 4701 2035 4734 verus
2064 4687 2195 4734 locus
2225 4687 2371 4732 centri
2403 4687 2575 4734 orbitae-
2595 4685 2788 4746 lunaris,
2824 4697 2872 4736 et
2902 4689 3013 4752 quia
3042 4687 3099 4732 ob

539 4743 696 4792 maline
734 4761 867 4802 verae,
907 4749 972 4794 ita
1005 4747 1151 4809 dupla
1187 4749 1504 4836 excentrifitns
1535 4751 1595 4798 ad
1628 4751 1784 4799 sinum
1850 4751 2153 4812 exiguitatem
2173 4752 2345 4797 horum
2376 4749 2567 4799 sinuum
2589 4763 2800 4814 respectu
2822 4753 2940 4802 radii
2966 4752 3009 4801 C
3032 4751 3094 4802 D.
