3384 5509
307 417 534 520 L'mm
562 449 923 532 Tuum]
1015 452 1494 519 PRINCIPIA
1543 453 2285 526 MATHEMATICA.
2796 473 2871 534 ιγ

769 665 1337 801 rnorosiTm
1384 713 1655 778 XX1X.
1750 675 2270 814 PROBLEMA
2315 718 2404 782 X.

679 893 684 923 ¹
1113 882 1396 947 Invenire
1421 887 1817 948 variationem
1844 885 2059 949 Lance.

396 1051 475 1134 (¹¹)
526 1049 745 1114 Oritur
793 1050 932 1116 haec
979 1053 1362 1137 inaequalitas
1411 1055 1640 1137 partim
1690 1078 1774 1118 ex
1821 1055 2021 1120 forma
2074 1038 2343 1142 eUipticz'i
2395 1064 2564 1128 orbis
2611 1062 2865 1134 lunaris,

303 1156 535 1240 partim
564 1177 642 1219 ex
670 1157 1086 1242 inaequalitate
1128 1173 1588 1225 momentorum
1617 1183 1800 1238 areoe,
1849 1185 2035 1248 quam
2068 1166 2251 1230 Luna
2280 1169 2458 1232 radio
2486 1171 2568 1234 ad
2599 1145 2867 1238 Terram

306 1266 496 1329 ducto
524 1267 836 1331 describit.
929 1269 997 1332 Si
1041 1269 1225 1332 Luna
1258 1270 1314 1332 P
1341 1270 1405 1332 in
1434 1270 1636 1354 ellipsi
1665 1272 1735 1336 D
1770 1271 1826 1334 B
1860 1273 1916 1336 C
1947 1275 2008 1337 A
2038 1275 2201 1339 circa
2233 1277 2499 1344 Terram
2544 1281 2612 1342 in
2649 1293 2869 1346 centro

305 1374 590 1458 ellipseos
617 1377 1041 1461 'quiescentem
1069 1389 1442 1455 moveretur,
1490 1390 1554 1442 et
1581 1377 1759 1442 radio
1789 1380 1852 1443 T
1883 1380 1938 1443 P
1980 1379 2075 1444 ad‘
2094 1384 2360 1447 Terram
2401 1385 2589 1450 ducto
2632 1387 2867 1451 descri-

303 1483 480 1546 beret
508 1505 718 1547 aream
750 1485 806 1548 C
838 1484 902 1547 T
933 1485 988 1549 P
1016 1485 1282 1568 tempori
1307 1483 1876 1567 proportionalem:
1923 1501 2086 1552 esset
2113 1502 2323 1553 autem
2353 1491 2639 1576 ellipseos
2685 1496 2867 1558 semi·-

301 1589 606 1656 diameter
633 1591 908 1654 maxima
939 1592 995 1655 C
1026 1590 1091 1655 T
1119 1591 1200 1654 ad
1227 1590 1785 1654 semi-diametrum
1830 1593 2148 1656 minimam
2179 1595 2243 1659 T
2270 1597 2334 1658 A
2375 1609 2446 1660 ut
2491 1606 2572 1666 70
2616 1599 2697 1662 ad
2742 1611 2823 1666 69
2848 1626 2864 1665 z

221 1767 230 1774 ‚
304 1700 386 1784 (¹)
416 1698 575 1764 foret
603 1711 865 1786 tangens
895 1699 1109 1785 anguli
1139 1699 1196 1762 C
1227 1699 1290 1762 T
1315 1699 1370 1763 P
1397 1698 1480 1762 ad
1507 1711 1867 1785 tangentem
1910 1701 2122 1787 anguli
2148 1702 2357 1767 motus
2385 1705 2581 1770 medii
2604 1731 2643 1770 a
2671 1710 2867 1794 quad..

367 1871 436 1936 (¹¹)
477 1876 505 1904 ⁶
549 1874 708 1920 Oritur
743 1876 841 1921 haec
876 1874 1176 1935 auaequalitas,
1217 1873 1303 1919 &c-
1389 1872 1553 1934 Pergit

303 1937 566 1983 Newtonus
581 1936 631 1982 iu
643 1935 884 1997 hypothesi
899 1935 1026 1997 quod
1037 1933 1216 1982 semota
1235 1935 1354 1982 Solis
1371 1936 1552 1983 actione

299 2000 425 2047 orbis
449 2000 605 2047 Lunae
626 2000 860 2047 circularis
882 1999 1031 2056 foret3
1065 1999 1116 2044 in
1138 1999 1412 2059 praecedenti
1444 1997 1553 2046 vero

303 2063 641 2122 Pr0positione,
651 2062 973 2116 determinavit
983 2073 1234 2124 quamnam
1248 2063 1552 2110 mutationem

299 2127 542 2175 induceret
576 2126 646 2172 illi
668 2127 844 2174 circulo
862 2127 932 2172 vis
957 2126 1094 2182 Solis,
1123 2124 1354 2187 quatenus
1375 2143 1430 2173 ea
1449 2129 1552 2190 ejus

295 2191 450 2252 portio
481 2191 731 2237 assumitur
751 2207 857 2252 quae
887 2189 946 2236 ad
981 2199 1191 2237 centrum
1213 2191 1360 2238 Terra
1379 2187 1552 2250 spectat

296 2265 348 2302 et
367 2270 477 2302 cum
497 2254 722 2316 gravitate
744 2254 898 2301 Luna·
919 2269 1076 2300 versus
1100 2255 1292 2300 Terram
1315 2255 1547 2311 sociatur3

293 2319 468 2380 itaque,
505 2327 692 2378 sumpto
712 2332 880 2364 novam
904 2317 1103 2380 liguram
1136 2319 1260 2365 orbis
1280 2317 1458 2364 lunaris
1489 2317 1550 2364 ad

295 2381 500 2442 ellipsim
539 2397 673 2442 posse
719 2381 936 2438 revocari,
983 2379 1267 2431 demonstrat
1306 2381 1357 2426 in
1403 2381 1542 2441 Prop-

294 2443 585 2507 praecedents
600 2459 703 2492 eam
719 2445 918 2504 ellipsim
935 2444 1078 2492 talem
1089 2460 1187 2492 esse
1209 2453 1262 2491 ut
1282 2445 1382 2492 axis
1402 2447 1550 2508 major

292 2510 357 2558 sit
376 2510 434 2556 ad
457 2509 686 2556 minorem
708 2518 762 2555 ut
783 2514 846 2557 70
860 2508 920 2555 ad
937 2515 1023 2566 693
1047 2518 1204 2555 motus
1222 2517 1379 2555 autem
1395 2509 1548 2555 Lunae

293 2575 350 2620 in
386 2573 468 2620 tali
502 2572 652 2632 ellipsi
673 2571 812 2619 debet
841 2571 941 2618 fieri
971 2572 1039 2619 ita
1071 2581 1126 2618 ut
1156 2587 1275 2619 areae
1309 2571 1547 2633 descriptae

293 2639 419 2684 circa
439 2647 651 2683 centrum
675 2636 833 2682 Terrae
863 2636 957 2682 sint
987 2636 1271 2695 temporibus
1292 2637 1546 2696 proportio-

293 2700 440 2756 nales,
464 2701 576 2761 quia
589 2699 707 2746 vires
719 2715 824 2762 quae
844 2701 1160 2756 assumuntur,
1183 2699 1244 2746 ad
1263 2699 1314 2746 id
1335 2710 1547 2748 centrum

293 2764 593 2838 dirf'ntun
632 2762 834 2824 cumque
865 2778 983 2810 areae
1004 2763 1098 2809 illae
1133 2763 1362 2824 ellipticae,
1398 2779 1548 2827 angu-

292 2827 355 2875 lis
381 2843 433 2873 m
459 2836 620 2886 centro
633 2826 768 2873 factis
792 2826 1156 2886 proportionales
1183 2842 1279 2872 non
1311 2828 1419 2886 sint,

292 2891 504 2952 sequitur
523 2890 628 2937 illos
639 2890 839 2952 angulos
858 2891 909 2936 in
931 2899 1088 2936 centro
1108 2890 1231 2936 sacto
1243 2899 1420 2951 tempo·

291 2955 423 3001 ribus
430 2954 791 3016 proportionales
801 2969 896 3001 non
909 2969 1018 3008 esse,
1032 2951 1230 3016 ideoque
1245 2953 1421 3016 aliquid

292 3017 624 3080 corrigendum
636 3033 736 3064 esse
747 3017 898 3065 motui
912 3015 1068 3064 medio
1079 3017 1246 3072 Lunae,
1260 3017 1311 3063 in
1325 3032 1422 3080 quo

294 3083 461 3144 anguli
491 3082 544 3127 in
566 3091 724 3128 centro
748 3082 906 3129 Terra·
927 3081 1035 3128 facti
1057 3081 1420 3140 proportionales

291 3147 582 3205 temporibus
601 3155 918 3202 assumuntur,
945 3154 1000 3191 ut
1020 3145 1244 3192 habeatur
1269 3145 1423 3192 Lunae

291 3222 452 3256 motus
482 3223 651 3267 verus3
696 3219 743 3256 et
773 3211 878 3256 haec
909 3207 1132 3256 correctio
1173 3209 1420 3256 constituet

291 3281 468 3334 partem
483 3273 758 3331 variationis,
775 3281 975 3336 quse-est,
991 3271 1040 3316 in
1055 3269 1142 3318 hac
1159 3271 1416 3334 hypothesi,

289 3352 428 3384 arcus
443 3336 730 3397 ⁸interceptus
749 3337 871 3383 inter
893 3337 1052 3382 locum
1081 3335 1291 3382 medium
1317 3337 1416 3384 Lu-

289 3415 368 3448 nae
387 3411 436 3448 et
455 3400 612 3448 locum
635 3402 934 3456 elus-verum,
959 3407 1006 3445 et
1024 3399 1126 3446 haec
1145 3415 1252 3460 pars
1272 3402 1416 3446 varia-

289 3465 431 3512 tionis
450 3482 502 3512 ea·
502 3467 672 3528 forma
694 3463 902 3526 ellipticd,
925 3478 1067 3524 quam
1089 3464 1281 3510 assumit
1301 3467 1416 3512 orbi-5

289 3531 470 3578 lunaris
489 3543 574 3588 per
597 3528 718 3575 Solis
738 3521 982 3583 actionem,
1005 3529 1166 3575 oritur.

359 3591 524 3642 Altera
543 3609 649 3653 pars
668 3591 930 3639 variationis
950 3593 1096 3637 oritur
1117 3605 1173 3636 ex
1197 3590 1252 3637 ea
1272 3592 1415 3638 actio-

291 3656 366 3704 nis
385 3656 504 3704 Solis
523 3665 650 3716 parte
669 3669 811 3718 quam
832 3653 1137 3702 consideravit
1155 3654 1416 3701 Newtonus

294 3720 438 3780 Prop.
469 3721 676 3767 XXVI·
717 3728 764 3767 et
796 3716 892 3782 qua
929 3719 982 3764 fit
1014 3727 1070 3766 ut
1097 3720 1208 3779 ipsae
1230 3734 1349 3766 areae
1387 3735 1416 3766 a

293 3783 442 3832 Luna
471 3782 708 3844 descriptae
737 3783 1024 3844 temporibus
1053 3797 1150 3829 non
1184 3782 1276 3829 sint
1305 3797 1412 3842 pro-

289 3846 602 3908 portionalem
636 3862 739 3894 area
761 3849 916 3909 itaque
937 3848 1130 3908 tempori
1151 3846 1414 3907 proportio.

295 3911 418 3958 nalis
459 3911 730 3972 corrigenda
766 3921 850 3968 ast,
895 3910 1036 3973 idque
1078 3909 1416 3957 detrahendum

291 3975 367 4022 vel
397 3973 665 4023 addendum
696 3975 822 4036 quod
854 3974 1047 4022 debetur
1077 3973 1144 4020 illi
1178 3973 1362 4030 actioni,
1395 3976 1543 4036 quod-

289 4053 386 4100 que
415 4053 499 4099 per
530 4039 917 4086 constructionem
959 4038 1116 4086 Probl.
1157 4037 1302 4084 nostri
1341 4053 1388 4084 n.
1431 4044 1538 4086 112.

291 4101 598 4150 determinare
648 4101 924 4148 facillimum
977 4103 1065 4150 erit
1086 4119 1101 4157 ς
1158 4116 1301 4163 quam
1354 4101 1543 4163 quedem

293 4166 685 4214 construction·-
705 4180 800 4211 non
822 4165 950 4213 dedit
973 4167 1247 4222 NewtonuS,
1281 4167 1412 4226 quasi
1443 4181 1540 4213 me-

291 4229 528 4277 diocribus
571 4238 778 4276 uteretur
818 4230 1152 4290 quantitatibus
1193 4245 1248 4275 ex
1295 4243 1444 4289 aequo,
1488 4239 1544 4276 ut

291 4293 437 4350 aiunt,
462 4303 510 4340 et
529 4293 926 4352 bonoassumptis,
947 4293 1108 4342 verum
1130 4293 1207 4339 vix
1230 4289 1540 4339 dubitandum

291 4358 408 4419 quin
445 4357 506 4404 ad
537 4359 658 4404 hanc
690 4356 762 4402 vel
795 4356 992 4403 similem
1027 4357 1434 4412 constructionem,
1468 4371 1540 4402 re-

292 4423 506 4480 spexerit,
544 4421 578 4468 ii
612 4420 739 4466 enim
778 4434 874 4465 non
907 4431 1038 4467 erant
1069 4434 1203 4466 casus
1238 4419 1408 4480 quibus
1441 4421 1542 4466 haec

291 4485 447 4531 media
469 4485 569 4533 sine
591 4483 982 4531 demonstratione
1002 4484 1174 4530 assumi
1191 4494 1376 4543 possent
1397 4498 1426 4528 a
1447 4482 1545 4528 viro

293 4547 476 4596 summe
495 4557 712 4596 accurato
737 4556 784 4594 et
802 4546 1074 4607 perspicace-

357 4609 430 4676 (²)
471 4615 499 4644 ³*
541 4615 684 4661 Feret
713 4613 876 4674 anguli
907 4619 1113 4684 tangem.
1187 4609 1256 4656 Sit
1281 4609 1320 4656 C
1349 4610 1395 4654 A
1422 4609 1471 4655 D
1499 4609 1540 4656 B

291 4674 464 4736 ellipsis
484 4691 628 4738 quam
652 4675 793 4722 Luna
813 4674 1042 4729 describit,
1081 4672 1148 4720 ita
1183 4679 1240 4719 ut
1271 4687 1390 4719 areae
1422 4673 1545 4720 circa

1614 1880 1831 1918 centrum
1854 1871 1900 1919 T
1921 1874 2013 1920 sint
2048 1876 2334 1934 temporibus
2366 1880 2744 1940 proportionales,
2785 1882 2866 1929 de·

1614 1935 1840 1982 scribatur
1874 1937 2076 1985 circulus
2098 1939 2261 1987 eodem
2283 1951 2455 1995 centro,
2493 1945 2622 1990 radio
2648 1946 2693 1992 T
2718 1947 2773 2002 C,
2814 1947 2865 1992 in

1615 1999 1717 2060 ejus
1737 1999 1896 2045 circuli
1918 2000 2291 2049 circumferentia
2311 2016 2551 2052 moveatur
2571 2009 2711 2055 Luna
2732 2001 2864 2056 motu

1614 2061 1787 2118 medio,
1830 2072 2133 2126 sumaturque
2164 2064 2215 2110 in
2235 2071 2309 2112 'eo
2347 2069 2522 2116 circulo
2564 2087 2697 2118 arcus
2738 2074 2777 2120 C
2816 2083 2861 2120 Π

1613 2125 1811 2184 tempori
1832 2127 1977 2172 cuivis
1994 2126 2103 2183 dato
2118 2130 2481 2188 proportionalis,
2500 2134 2641 2180 ducta
2654 2136 2866 2183 ordinata

1587 2189 1663 2234 ’Π
1691 2188 1736 2234 P
1776 2189 1843 2245 K,
1882 2189 1987 2236 dico
2018 2187 2146 2251 duod
2182 2207 2289 2240 area
2322 2195 2523 2254 elliptica
2560 2199 2605 2243 Τ
2630 2200 2670 2245 C
2700 2201 2741 2245 P
2778 2201 2865 2246 erit

1613 2251 1812 2311 tempori
1845 2255 2211 2320 proportionalis,
2248 2257 2337 2304 hoc
2375 2269 2444 2305 est
2464 2262 2591 2321 quod
2625 2271 2721 2308 tota
2758 2279 2863 2313 area

1612 2314 1815 2374 elliptica
1836 2317 1922 2362 erit
1942 2317 2003 2362 ad
2024 2333 2134 2363 eum
2146 2328 2369 2366 sectorem
2393 2323 2438 2368 T
2458 2325 2497 2370 C
2521 2326 2562 2370 P
2582 2334 2637 2371 ut
2658 2335 2725 2372 est
2748 2337 2861 2372 tem-

1610 2393 1701 2438 pus
1720 2379 2009 2438 periodicum
2032 2381 2186 2428 Lunae
2206 2383 2267 2430 ad
2287 2395 2470 2445 tempus
2492 2387 2667 2434 datum.

1679 2442 1771 2489 Est
1791 2443 1918 2488 enim
1939 2453 2035 2490 tota
2054 2445 2215 2492 circuli
2231 2446 2601 2498 circumferentia
2621 2454 2681 2498 ad
2703 2469 2860 2499 arcun.

1616 2505 1657 2552 C
1683 2515 1745 2562 Π,
1782 2506 1877 2552 sive
1897 2516 2021 2552 totus
2043 2508 2244 2555 circulus
2280 2511 2340 2556 ad
2378 2528 2532 2559 aream
2576 2516 2616 2562 C
2641 2516 2685 2562 T
2710 2526 2770 2572 11,
2811 2526 2863 2563 ut

1611 2576 1799 2627 tempus
1832 2570 2120 2628 periodicum
2141 2581 2293 2621 totum
2326 2575 2385 2620 ad
2417 2585 2599 2636 tempus
2620 2579 2782 2625 datum
2806 2596 2861 2626 ex

1611 2634 1965 2688 constructione,
1986 2633 2085 2688 ,sed
2124 2651 2181 2682 ex
2218 2635 2331 2683 noia
2373 2640 2533 2687 circuli
2569 2653 2617 2688 et
2653 2643 2863 2701 ellipseos

1610 2695 1902 2755 proprietate,
1924 2709 1995 2744 est
2012 2706 2111 2746 tota
2122 2714 2227 2746 area
2244 2701 2444 2761 elliptica
2464 2704 2523 2750 ad
2544 2713 2689 2752 totam
2706 2722 2861 2754 aream

1611 2755 1769 2806 circuli
1806 2769 1861 2806 ut
1902 2761 1946 2807 T
1973 2763 2017 2808 A
2057 2761 2117 2808 ad
2156 2763 2195 2810 C
2234 2764 2293 2820 T,
2329 2775 2377 2811 et
2411 2768 2580 2826 pariter
2613 2783 2682 2816 cst
2715 2781 2862 2818 sector

1611 3971 1880 4020 CTPad
1918 3976 2853 4040 cTnutTAadcT(namtrian.

1606 4033 1721 4098 gula
1757 4038 1991 4086 rectilinea
2014 4040 2128 4101 T·P
2152 4041 2217 4097 Κ,
2260 4041 2305 4087 Τ
2328 4051 2374 4087 Π
2402 4042 2452 4087 Κ
2490 4050 2599 4087 sunt
2636 4050 2689 4087 ut
2724 4043 2855 4087 bases

1613 4099 1655 4146 P
1679 4099 1745 4156 K,
1775 4113 1818 4148 Π
1848 4103 1931 4160 Κ;
1966 4119 2083 4150 areae
2118 4103 2383 4150 eurvilineae
2421 4105 2460 4152 C
2487 4104 2531 4151 P
2555 4105 2621 4158 K,
2664 4105 2704 4150 C
2727 4113 2771 4150 Π
2800 4103 2851 4150 Κ

1607 4173 1719 4210 sunt
1731 4166 1884 4223 etiam,
1900 4181 1956 4212 ex
1974 4165 2087 4213 nota
2101 4167 2315 4228 ellipseos
2336 4178 2382 4213 et
2402 4167 2562 4215 circuli
2578 4167 2853 4228 proprietate

1605 4238 1662 4273 ut
1700 4229 1743 4274 P
1780 4229 1830 4276 K
1868 4230 1929 4275 ad
1969 4239 2014 4276 Π
2055 4231 2121 4284 Κ,
2158 4246 2271 4292 ergo
2305 4231 2391 4276 toti
2427 4241 2621 4277 sectores
2659 4231 2698 4276 C
2724 4229 2769 4275 T
2795 4229 2851 4286 P,

1610 4291 2217 4340 CTnsuntutPKad
2243 4304 2287 4340 Π
2316 4294 2379 4347 K,
2404 4293 2851 4356 quaesuntutTA

1603 4354 1664 4400 ad
1691 4355 1733 4402 C
1758 4355 1841 4415 T,)
1883 4370 1995 4418 ergo
2015 4365 2113 4402 tota
2133 4371 2239 4402 area
2258 4357 2460 4416 elliptica
2496 4367 2565 4403 est
2600 4355 2661 4402 ad
2698 4371 2853 4402 aream

1603 4418 1764 4466 circuli
1790 4429 1842 4464 ut
1857 4429 2004 4464 sector
2020 4420 2061 4467 C
2081 4420 2126 4466 T
2146 4420 2189 4466 P
2208 4419 2269 4466 ad
2293 4421 2332 4466 C
2354 4421 2398 4467 T
2414 4431 2476 4477 11,
2500 4430 2547 4468 et
2567 4421 2853 4478 alternando,

1606 4479 1704 4528 tota
1742 4496 1847 4528 area
1884 4481 2085 4541 elliptica
2122 4483 2181 4529 ad
2220 4491 2444 4530 sectorem
2468 4485 2507 4532 C
2532 4484 2577 4530 T
2603 4484 2660 4539 P,
2694 4492 2751 4530 ut
2786 4497 2856 4530 est

1607 4545 1769 4592 circuli
1789 4560 1895 4590 area
1915 4545 1975 4591 ad
2002 4547 2041 4593 C
2068 4546 2113 4592 T
2136 4556 2197 4600 11,
2234 4562 2317 4593 seu
2337 4559 2392 4594 ut
2412 4557 2482 4595 est
2501 4557 2685 4606 tempus
2706 4548 2855 4608 perio-

1606 4609 1785 4666 dicum,
1806 4608 1865 4655 ad
1886 4619 2072 4670 tempus
2091 4609 2267 4656 datum.

1675 4673 1724 4720 Si
1746 4687 1859 4734 ergo
1878 4687 1985 4720 area
2010 4675 2049 4722 C
2067 4672 2113 4720 T
2132 4673 2175 4720 P
2194 4673 2254 4721 sit
2273 4675 2471 4734 tempori
2491 4675 2857 4737 proportionalis,
