3384 5509
373 3275 376 3282 .
473 3251 578 3284 sum
601 3245 794 3284 cometae
815 3233 875 3282 ad
897 3234 1106 3292 nodum3
1129 3231 1238 3280 cum
1259 3232 1388 3278 enirn

478 464 600 519 128

569 627 748 692 Idem
793 626 1104 713 colligitur
1147 649 1228 690 ex
1271 625 1600 690 curvatura
1645 627 1765 688 viae
1808 637 2206 690 cometarum.

2606 306 2630 339 b

1103 451 1783 519 PHILOSOPHIAE
1826 451 2371 519 NATURALIS
2433 451 2581 534 [DE
2608 453 2854 518 Mum).
2880 456 3060 519 SYsT.

2296 625 2376 711 (⁶)
2421 626 2703 712 Pergunt
2730 625 2887 690 -haec
2926 649 3062 689 cor·-

476 759 634 822 pora
675 735 1128 821 propemodum
1172 737 1239 799 in
1269 735 1512 800 circulis
1541 735 1847 800 maximis
1860 735 2159 821 quamdiu
2186 749 2517 800 moventur
2544 735 2844 813 celerius3
2890 749 2955 801 at
2994 738 3061 800 in

471 938 572 1002 jam
595 938 1032 992 determinavimus,
1065 946 1122 985 ut
1151 945 1310 986 antem
1337 952 1510 986 veram·
1528 937 1739 986 obtinea-

477 1018 584 1050 mus
605 1012 797 1050 cometae
818 1004 1138 1066 trajector-iam,
1161 1017 1221 1048 ex
1241 1001 1346 1048 loco
1365 1001 1435 1059 H,
1461 1001 1520 1049 ad
1540 1003 1737 1062 planum

477 1067 704 1129 ecIIpticae
723 1078 875 1115 erecta
896 1065 1184 1128 intelligatur
1203 1065 1426 1112 normalis
1449 1066 1503 1112 H
1533 1067 1605 1119 M,
1628 1075 1735 1112 tan·

477 1147 594 1194 gens
613 1132 777 1194 anguli
808 1130 1066 1178 latitudinis
1086 1139 1280 1176 cometa
1302 1129 1363 1176 ad
1395 1128 1557 1176 datum
1579 1133 1735 1176 obser-

478 1195 674 1244 vationis
694 1205 879 1255 tempus
906 1195 1056 1254 posito
1094 1195 1138 1240 A
1162 1192 1233 1249 Η,
1266 1192 1412 1248 radio,
1447 1193 1624 1254 eritque
1657 1193 1733 1250 M,

477 1258 610 1306 loeus
631 1273 768 1306 verus
789 1267 983 1306 cometae
1003 1257 1066 1304 ad
1085 1265 1272 1316 tempus
1291 1256 1482 1312 datum3
1513 1265 1586 1303 est
1607 1257 1734 1303 enim

476 1322 643 1382 positio
673 1332 812 1369 rectae
853 1323 897 1368 A
923 1321 996 1378 Η,
1036 1321 1136 1383 ejus
1167 1319 1415 1382 longitudo
1445 1328 1494 1366 et
1529 1320 1735 1381 angulus

478 1388 538 1434 M
564 1387 611 1433 A
632 1386 702 1442 H,
726 1384 936 1432 latitudo.
1001 1383 1220 1432 Similiter
1240 1383 1290 1428 in
1311 1382 1416 1429 loco
1440 1384 1503 1440 V,
1525 1384 1586 1430 ad
1605 1383 1735 1431 idern

475 1450 700 1510 eclipticae
721 1449 918 1509 planum
939 1447 1144 1510 erigatur
1163 1446 1385 1494 normalis
1408 1447 1456 1492 V
1479 1447 1539 1502 L,
1574 1463 1729 1510 oequa·

475 1514 534 1560 lis
569 1514 778 1576 tangenti
815 1511 1076 1560 latitudinis
1107 1509 1168 1558 ad
1203 1509 1326 1556 idem
1359 1519 1546 1570 tempus
1575 1513 1732 1558 obser-

475 1587 608 1635 vatoe,
644 1586 832 1637 sumpto
871 1577 922 1624 D
964 1575 1027 1632 V,
1063 1590 1147 1635 pro
1183 1573 1328 1631 radio,
1367 1574 1456 1622 erit
1493 1575 1556 1631 L,
1599 1575 1733 1624 locus

453 1656 611 1708 ⁸verus
643 1650 849 1694 cometae.
883 1637 1082 1702 ideoque
1112 1638 1278 1701 juncta
1309 1647 1437 1684 recta
1472 1638 1516 1684 L
1547 1639 1622 1694 Μ,
1662 1648 1733 1686 est

472 1706 575 1766 ipsa
606 1705 864 1767 trajectoria
898 1703 1106 1766 quaesita.
1191 1702 1330 1750 Patet
1361 1709 1520 1750 nutem
1555 1702 1732 1748 distan-

473 1768 589 1816 tiam
621 1768 712 1816 loci
746 1769 820 1821 M.
854 1770 913 1816 ab
940 1768 1002 1824 A,
1035 1766 1132 1814 sive
1162 1774 1337 1812 rectam
1369 1765 1416 1812 A
1443 1766 1518 1820 Μ,
1551 1780 1650 1813 esse
1669 1765 1733 1813 ad

471 1842 646 1880 recum
682 1834 729 1879 A
756 1833 825 1886 H,
859 1840 914 1879 ut
933 1845 1094 1878 secans
1113 1827 1374 1877 latitudinis
1393 1829 1444 1874 in
1469 1829 1541 1886 H,
1575 1830 1636 1876 ad
1655 1845 1731 1876 ra·

473 1897 623 1952 dium,
647 1905 696 1943 et
715 1894 779 1944 ita
799 1893 936 1958 porro
957 1894 1018 1941 de
1037 1894 1141 1941 aliis
1160 1902 1354 1940 oometae
1375 1892 1503 1940 locis.

540 1965 647 2007 188.
678 1961 857 2008 Caetera
878 1975 983 2021 quae
1005 1957 1066 2006 ad
1086 1966 1269 2005 motum
1283 1965 1478 2003 cometae
1501 1955 1733 2016 pertinent

471 2023 612 2072 facile
639 2024 934 2072 definientur.
1001 2021 1249 2070 Invenitur
1283 2021 1327 2067 L
1353 2021 1429 2076 M,
1462 2030 1588 2068 recta
1605 2021 1732 2068 scili-

471 2098 546 2136 cet
573 2103 792 2148 percursa
821 2103 850 2135 a
879 2095 1075 2142 cometa,
1104 2085 1220 2132 dum
1247 2084 1411 2131 Tellus
1432 2085 1491 2130 ab
1524 2084 1571 2130 A
1593 2083 1654 2130 ad
1679 2084 1731 2132 D

471 2162 700 2200 movetur.
767 2151 988 2200 Duoatur
1007 2150 1132 2196 enim
1156 2149 1201 2196 L
1227 2147 1266 2194 P
1295 2147 1384 2207 ipsi
1417 2147 1466 2194 V
1491 2147 1545 2194 H
1579 2148 1731 2207 paral-

471 2214 564 2262 lela
585 2232 696 2263 cum
716 2213 841 2263 recta
865 2216 920 2262 Μ
939 2215 984 2262 E
1009 2227 1286 2261 concurrens
1307 2214 1359 2260 in
1383 2210 1441 2260 P.
1461 2269 1467 2277 ⁸
1501 2210 1565 2260 In
1586 2210 1729 2260 trian-

471 2279 588 2342 gulo
613 2281 656 2329 P
679 2281 725 2327 L
749 2279 825 2335 M,
858 2287 1022 2339 praeter
1042 2277 1272 2340 angulum
1292 2290 1392 2322 rec-

469 2353 574 2392 tum
599 2345 648 2390 in
675 2345 732 2396 P,
756 2343 894 2390 datur
913 2343 1038 2390 latus
1059 2342 1105 2388 L
1132 2341 1190 2395 P,
1213 2340 1391 2402 equale

470 2405 603 2454 lateri
627 2407 675 2454 V
695 2408 766 2465 H,
791 2417 929 2468 atque
950 2407 1088 2452 etiam
1111 2404 1250 2451 datur
1269 2404 1391 2451 latus

473 2471 520 2518 P
544 2472 618 2528 M,
647 2471 828 2533 equale
858 2469 1131 2518 differentia
1159 2478 1390 2516 rectarum

470 2535 685 2583 datarum
711 2536 770 2582 M
790 2535 860 2592 H,
886 2535 931 2582 L
960 2533 1017 2588 V,
1041 2531 1183 2596 quare
1205 2531 1391 2580 dabitur

473 2599 519 2646 L
536 2599 610 2646 Μ.
657 2597 1018 2647 ProducaturM
1037 2597 1098 2654 L,
1111 2597 1259 2643 donee
1279 2609 1391 2642 cum

472 2663 528 2710 H
551 2664 613 2719 V,
632 2672 876 2710 concurrat
894 2663 945 2708 in
965 2662 1030 2717 N,
1048 2661 1135 2708 erit
1151 2660 1202 2706 N
1219 2659 1385 2706 nodus.

475 2727 707 2774 Praeterea
733 2727 781 2774 N
797 2725 844 2772 V
866 2725 954 2772 erit
972 2725 1031 2771 ad
1047 2725 1096 2771 V
1119 2725 1180 2779 L,
1200 2733 1253 2770 ut
1270 2722 1318 2769 V
1333 2721 1390 2769 H

471 2791 532 2837 ad
559 2791 697 2846 PM,
721 2790 926 2850 itemque
961 2789 1004 2836 L
1039 2787 1392 2835 NadLVut
1463 2784 1494 2815 '·

471 2855 516 2900 L
540 2855 599 2900 M
636 2853 698 2900 ad
737 2854 797 2900 M
834 2853 892 2910 P,
931 2861 980 2899 et
1015 2850 1122 2898 ideo
1155 2850 1392 2897 dabuntur

473 2917 520 2964 L
544 2917 610 2974 N,
644 2917 690 2963 L
714 2917 794 2975 V;
828 2915 1036 2976 capiatur
1056 2923 1242 2974 tempus
1261 2912 1390 2975 quod

472 2982 534 3029 sit
559 2981 624 3028 ad
655 2991 842 3040 tempus
874 2979 995 3026 inter
1023 2978 1388 3052 olneryationem

471 3045 523 3091 in
555 3045 626 3098 M,
666 3054 715 3092 et
747 3043 1114 3091 observationem
1148 3057 1201 3088 m
1238 3041 1296 3096 L,
1335 3049 1392 3087 ut

474 3110 526 3156 N
561 3109 605 3155 L
642 3109 704 3156 ad
742 3109 786 3154 L
811 3109 886 3164 M,
924 3106 1170 3154 habebitur
1201 3114 1389 3164 tempus

472 3173 596 3220 inter
615 3172 982 3220 observationem
999 3170 1050 3216 in
1074 3170 1132 3225 L,
1156 3178 1205 3216 et
1223 3168 1388 3229 appul-

474 3309 653 3348 oometa
689 3301 740 3346 in
776 3296 903 3348 linea
937 3296 1065 3346 recta
1098 3295 1392 3344 uniformiter

473 3365 649 3411 moveri
665 3372 964 3424 supponatur,
982 3371 1191 3422 tempora
1211 3369 1320 3407 sunt
1336 3368 1392 3406 ut

473 3429 636 3487 spatia-
675 3427 876 3474 Dabitur
893 3441 1078 3488 quoque
1092 3425 1223 3472 locus
1235 3438 1391 3470 come-

476 3501 538 3538 tae
556 3491 608 3536 in
630 3491 752 3536 nodo
769 3489 1014 3546 versantis;
1036 3488 1144 3535 cum
1163 3487 1289 3534 enim
1307 3486 1389 3534 de-

473 3565 552 3602 tur
572 3563 800 3615 punctum
825 3553 888 3608 N,
921 3561 968 3599 et
988 3561 1176 3612 propter
1205 3561 1395 3610 tempus

473 3620 718 3680 cognitum
739 3618 859 3664 inter
872 3615 1236 3663 observationem
1257 3614 1310 3661 in
1328 3613 1389 3670 L,

474 3692 523 3731 et
541 3681 790 3742 appulsum
812 3689 1005 3728 cometae
1020 3677 1081 3726 ad
1096 3677 1288 3731 nodum,
1307 3677 1390 3723 de-

475 3755 554 3792 tur
567 3759 755 3806 quoque
771 3743 900 3792 locus
918 3744 1076 3791 Terrae
1087 3757 1173 3802 pro
1184 3742 1272 3788 hoc
1287 3755 1391 3787 mo-

471 3819 649 3865 mento,
693 3808 879 3856 dabitur
920 3806 1088 3867 positio
1117 3813 1256 3852 rectae
1290 3803 1392 3852 haec

473 3883 650 3934 puncta
663 3871 921 3934 jungentis,
945 3871 1034 3916 boc
1056 3878 1125 3916 est
1145 3867 1392 3931 longitudo

474 3947 667 3984 cometae
682 3936 730 3982 in
747 3935 872 3982 nodo
883 3934 1132 3982 existentis.
1177 3930 1390 3980 Tande-

475 4003 537 4048 ob
557 4001 713 4048 datam
736 3999 1002 4046 distantiam
1023 3997 1137 4044 nodi
1157 4012 1187 4043 a
1211 3995 1318 4042 looo
1341 3995 1390 4042 V

473 4064 725 4126 datamque
765 4060 1059 4110 latitudinem
1100 4068 1296 4108 cometae
1337 4060 1390 4106 in

474 4129 640 4176 eodem
679 4128 801 4184 loco,
847 4127 1018 4174 dantur
1058 4125 1111 4172 in
1151 4123 1389 4186 triangulo

474 4191 698 4253 sphaerico
713 4188 988 4253 rectangulo
999 4188 1144 4236 latera
1154 4188 1251 4235 duo
1266 4185 1390 4234 birci

469 4255 700 4318 angulum
742 4267 936 4310 rectum,
985 4269 1040 4302 ac
1076 4250 1270 4312 proinde.
1313 4251 1386 4296 in.

469 4319 665 4374 notescit
695 4319 932 4366 inclinatio
959 4318 1311 4378 hypothenusae,
1335 4313 1386 4362 id

474 4393 560 4440 est,
583 4383 760 4430 semitae
779 4383 926 4443 ipsius
943 4391 1136 4428 cometae
1159 4378 1220 4427 ad
1239 4378 1514 4439 eclipticam.

543 4453 648 4494 154.
689 4448 766 4494 Ex
789 4447 924 4498 dictis
945 4444 1180 4506 colligitur
1199 4441 1296 4504 qua
1325 4443 1502 4490 ratione
1523 4442 1584 4491 ad
1613 4450 1735 4490 tem-

473 4527 565 4572 pus
594 4511 834 4572 quodlibet
865 4508 1154 4570 propositum
1184 4506 1368 4554 deliniri
1397 4506 1574 4568 possint
1603 4506 1737 4554 locus

477 4587 671 4621 cometae
686 4591 714 4622 e
733 4573 884 4623 Terre.
903 4574 1041 4628 visus,
1059 4571 1278 4632 illiusque
1294 4570 1511 4618 distantia
1526 4586 1555 4617 a
1573 4569 1736 4618 Tertii.

481 4637 866 4686 Determinentur
909 4647 964 4685 ut
1005 4633 1148 4695 supra
1189 4635 1438 4696 vestigium
1478 4635 1640 4682 orbitae
1682 4635 1735 4681 in

474 4703 619 4763 plano
641 4702 866 4761 eclipticae
889 4701 944 4748 H
972 4700 1016 4748 E
1043 4700 1090 4744 V
1115 4698 1180 4755 R,
1204 4698 1394 4760 ipsaque
1414 4713 1521 4745 vera
1542 4708 1737 4745 cometae

478 4767 627 4814 orbita
651 4766 709 4813 M
734 4766 780 4812 L
806 4766 854 4813 N
882 4767 946 4820 Q·
1019 4763 1241 4825 capiatur
1266 4762 1321 4810 H
1350 4763 1397 4810 R
1417 4762 1478 4810 ad
1503 4762 1558 4810 H
1585 4763 1647 4821 V,
1683 4771 1739 4809 ut

1802 937 2008 998 spatium,
2027 939 2149 988 inter
2168 939 2536 990 observationem
2566 938 2765 999 primam
2785 948 3062 1002 tempusque

1801 1002 1964 1049 datum
1996 1002 2058 1049 ad
2090 1005 2289 1064 spatium
2321 1003 2829 1051 inter‘observationem
2862 1004 3061 1063 prImam

1800 1075 1849 1113 et
1868 1075 2095 1128 quartam.
2167 1069 2298 1115 Dato
2329 1068 2489 1114 Terrae
2520 1068 2625 1116 loco
2644 1067 2705 1114 ad
2736 1077 2923 1127 tempus
2952 1081 3061 1126 pro-

1799 1131 2024 1190 positum,
2059 1129 2177 1190 puta
2212 1131 2267 1186 F,
2296 1131 2434 1178 datur
2464 1131 2633 1192 positio
2669 1139 2808 1178 rectoe
2846 1131 2887 1177 F
2907 1131 2968 1183 R,
3005 1145 3062 1177 ac

1798 1193 1993 1254 proinde
2012 1193 2154 1240 datur
2184 1192 2432 1257 longitudo
2454 1204 2647 1241 cometae
2666 1195 2864 1256 quoesita
2896 1193 3053 1257 (1032).

1802 1257 2138 1306 Proetereafiat
2163 1258 2353 1313 RQad
2376 1259 2505 1314 RN,
2529 1258 2888 1305 sicutMHad
2914 1257 3059 1316 HN,

1798 1331 1925 1380 patet
1946 1320 2045 1368 dari
2074 1321 2369 1369 latitudinem
2392 1329 2585 1368 cometae
2605 1320 2664 1368 ad
2686 1331 2872 1380 tempus
2892 1321 3061 1368 datum

1825 1385 1912 1432 loc.
1940 1385 2017 1434 cit.
2026 1384 2063 1446 ).
2148 1385 2247 1432 His
2282 1395 2443 1434 autem
2484 1384 2617 1436 datis.
2662 1385 2862 1432 obtineri

1832 1451 2016 1496 istantia
2052 1458 2249 1495 cometae
2285 1465 2315 1496 a
2351 1447 2500 1497 Terra
2535 1447 2697 1512 (ibid.)
2737 1449 2789 1494 in
2824 1446 2914 1496 hac
2945 1448 3059 1511 ergo

1796 1511 2039 1574 hypothesi
2059 1511 2187 1573 quod
2208 1523 2403 1560 comete
2421 1513 2471 1558 in
2495 1512 2634 1558 lineis
2653 1511 2791 1558 rectis
2808 1513 3061 1559 uniformi-

1796 1584 1866 1622 ter
1907 1583 2195 1633 moveantur,
2240 1575 2535 1623 determinari
2588 1585 2782 1636 possunt
2822 1577 3060 1636 praecipua

1795 1639 1954 1686 motus
1985 1647 2270 1686 cometarum
2304 1638 2546 1686 elementa.
2626 1637 2739 1685 Hac
2770 1637 2830 1686 de
2862 1653 2913 1686 re
2945 1654 3058 1688 con-

1796 1702 1919 1750 sulat
1960 1703 2105 1750 lector
2146 1702 2443 1762 opusculum
2476 1701 2645 1750 clariss.
2680 1702 2767 1749 viri
2813 1704 3061 1752 Dominiei

1800 1766 1983 1813 Cassini
2004 1767 2064 1814 de
2089 1765 2290 1812 comet&
2307 1781 2382 1813 an.
2414 1771 2570 1820 1664;
2609 1765 2806 1812 Davidis
2842 1767 3060 1828 Gregorii

1800 1831 2152 1878 Astronomiam
2188 1830 2453 1891 PhJsicam,
2488 1837 2535 1876 et
2560 1829 2743 1876 Cassini
2776 1829 2865 1875 filii
2900 1831 3061 1878 Tbeo·

1796 1894 1915 1940 riam
1961 1895 2265 1944 Cometarum
2308 1893 2358 1939 in
2410 1893 2737 1940 Monumentis
2783 1893 2931 1941 Paris-
2974 1910 3053 1942 an.

1862 2021 1929 2084 (⁴¹)
1977 2025 2004 2053 “
2052 2024 2266 2082 Pes-gunt
2308 2023 2405 2068 haec
2448 2035 2650 2082 comora-
2745 2020 2837 2068 Est
2878 2029 2926 2068 et
2966 2021 3059 2068 alia

1796 2083 2041 2146 parallaxis
2072 2085 2344 2144 proveniens
2375 2097 2433 2128 ex
2464 2092 2599 2129 motu
2635 2083 2793 2130 Terrae
2814 2083 2936 2130 circa
2970 2085 3058 2131 So-

1796 2149 1905 2196 lem.
2021 2148 2146 2196 Haec
2188 2146 2484 2194 latitudinem
2527 2155 2815 2194 cometarum
2856 2148 3056 2208 respicit,

1794 2213 1884 2260 hoc
1926 2220 2009 2269 est,
2038 2210 2302 2260 distantiam
2344 2224 2509 2258 eorum
2551 2212 2611 2258 ab
2652 2210 2864 2271 ecliptica
2899 2227 3058 2260 versus
3088 2243 3094 2248 -

1797 4385 1985 4430 boream
2028 4391 2112 4432 aut
2151 4391 2377 4440 austrum,
2416 4385 2545 4434 unde
2585 4386 2642 4434 fit
2681 4395 2736 4434 ut
2770 4399 2963 4436 cometae
2996 4389 3049 4436 in

1799 4446 1978 4506 sphaera
2011 4447 2209 4494 fixarum
2246 4464 2275 4495 a
2310 4464 2451 4497 cursu
2485 4450 2697 4498 circulari
2733 4451 2972 4500 deflectere
3002 4461 3051 4502 et

1800 4509 1972 4556 lineam
2002 4509 2259 4557 admodum
2290 4512 2589 4575 irregularem
2611 4514 2857 4562 videantur
2883 4515 3051 4564 descri-

1799 4575 1925 4620 here·
1996 4571 2123 4620 Ciun
2144 4574 2271 4620 enim
2292 4576 2487 4634 planum
2508 4577 2559 4623 in
2578 4592 2674 4640 quo
2694 4589 2875 4626 cometa
2895 4595 3049 4625 move-

1800 4645 1893 4693 tur,
1931 4651 2043 4684 cum
2073 4637 2214 4698 plano
2245 4639 2469 4700 eclipticae
2503 4639 2553 4685 in
2589 4655 2684 4703 quo
2719 4643 2865 4689 Terra
2890 4643 3063 4696 fertur„

1800 4715 1898 4747 non
1918 4700 2160 4756 coincidat,
2194 4714 2375 4750 cometa
2394 4701 2534 4750 modo
2555 4703 2694 4765 supra
2714 4706 2968 4764 eclipticam
3000 4706 3052 4751 in

1802 4765 2163 4826 septentrionem
2182 4766 2403 4825 aseendit,
2418 4765 2560 4815 modo
2581 4767 2704 4816 insta
2724 4770 2980 4831 eclipticam
3000 4767 3059 4818 ln'
