3384 5509
367 449 589 516 Lmen
624 448 988 528 Tam-wa]
1079 449 1562 522 PRINCIPIA
1613 453 2359 522 MATHEMATICA.
2914 465 2953 531 7

383 637 436 690 ><
473 623 532 690 Ρ
555 645 602 707 p
629 621 954 710 aequalem.
1029 623 1105 707 (⁰)
1141 621 1227 692 Et
1255 623 1570 703 velocitas,
1602 647 1793 712 quam
1823 628 1916 692 vis
1946 628 2220 696 maxima
2248 635 2529 712 tempore
2560 631 2781 715 quovis
2813 632 2867 697 C
2896 633 2956 696 P·

360 749 666 818 generare
695 741 926 814 posset,
973 730 1093 796 erit
1133 730 1217 794 ad
1259 731 1654 816 velocitatem
1681 755 1872 819 quam
1915 733 2007 800 vis
2052 735 2254 802 omnis
2284 735 2493 803 minor
2536 735 2593 802 E
2624 737 2683 802 L
2726 738 2950 803 eodem

361 850 645 922 tempore
691 850 988 926 generat„
1013 849 1090 910 nt
1135 841 1570 930 rectangulum
1624 842 1662 920 ὲ
1696 843 1760 910 Τ
1792 843 1847 908 Ρ
1881 859 1935 915 Χ
1972 844 2031 910 C
2066 847 2123 912 P
2173 844 2255 912 ad
2304 867 2517 912 aream
2572 847 2637 914 K
2670 848 2725 912 C
2758 849 2947 914 G··F=

359 958 648 1032 tempore
675 959 884 1012 autem
927 959 1061 1011 toto
1108 949 1164 1020 C
1197 949 1253 1017 P
1286 951 1368 1028 A,
1414 950 1775 1023 velocitates
1803 951 2034 1040 genitae
2065 966 2251 1022 erunt
2276 953 2360 1020 ad
2388 954 2655 1022 invicem
2700 970 2771 1022 ut
2811 979 2947 1026 rec·-

359 1057 691 1144 tangulum
720 1064 758 1141 l
791 1057 854 1122 Τ
887 1057 943 1122 Ρ
978 1076 1032 1129 χ
1069 1058 1126 1122 c
1159 1061 1220 1124 A
1251 1071 1314 1124 et
1341 1041 1729 1149 triaiagulmn
1760 1063 1823 1126 T
1856 1064 1911 1128 c
1946 1063 2031 1140 G,
2064 1063 2191 1128 sive
2218 1076 2292 1131 ut
2318 1087 2498 1132 arcus
2522 1067 2945 1152 quadrantalis

365 1169 422 1234 C
454 1171 514 1234 A
561 1181 624 1234 et
666 1169 876 1234 radius
925 1170 988 1233 T
1019 1169 1092 1234 P.
1184 1169 1462 1255 Ideoque
1510 1175 1649 1254 (per
1698 1171 1889 1255 Prop.
1926 1171 2052 1238 IX.
2086 1172 2229 1238 Lib.
2264 1174 2343 1238 V.
2378 1173 2608 1256 Elem.)
2654 1177 2945 1246 velocitas

355 1283 686 1366 posterior,
720 1294 854 1347 toto
877 1292 1158 1364 tempore
1180 1280 1410 1367 genita,
1447 1279 1564 1345 erit
1579 1303 1728 1372 pars
1757 1281 1960 1362 Tffi-QJ
1988 1282 2327 1346 velocitatis
2352 1284 2574 1374 Lunae.
2652 1287 2731 1371 (Ρ)
2766 1286 2944 1352 Huic

361 1391 567 1454 Lunae
595 1389 926 1466 velocitati,
974 1411 1116 1474 quae
1144 1409 1308 1452 areae
1335 1400 1660 1453 momento
1688 1389 1993 1452 mediocri
2020 1389 2287 1477 analoga
2314 1402 2427 1468 est,
2476 1392 2554 1477 (⁴¹)
2586 1393 2853 1458 addatur
2874 1407 2945 1458 et

357 1501 672 1570 auferatur
702 1500 1030 1568 dimidium
1073 1499 1416 1566 velocitatis
1448 1499 1736 1574 alterius3
1782 1511 1845 1563 et
1874 1498 1928 1562 si
1956 1511 2341 1564 momentum
2384 1499 2702 1565 mediocre
2746 1525 2944 1589 expo-

357 1623 543 1676 natur
584 1631 700 1695 per
743 1629 1076 1674 numerum
1129 1614 1360 1684 11915,
1407 1627 1652 1674 summa
1702 1615 1911 1671 11915
1953 1615 2017 1683 -Ι-
2060 1616 2143 1672 50
2195 1630 2307 1673 seu
2364 1615 2571 1674 11965
2624 1610 2946 1686 exhibebit
2984 1609 2993 1623 '

357 1730 746 1782 momentum
775 1715 1120 1784 maximum
1147 1735 1310 1778 areae
1339 1711 1408 1778 in
1433 1711 1688 1799 syzygia
1724 1713 1805 1790 A,
1853 1736 1926 1776 ac
1960 1711 2312 1786 differentia
2347 1723 2415 1778 11
2430 1725 2553 1780 915
2586 1753 2673 1770 --
2703 1727 2787 1784 50
2812 1731 2944 1786 ‘seu

363 1833 434 1888 11
449 1831 570 1890 865
602 1822 881 1908 ejusdem
910 1831 1300 1886 momentum
1328 1820 1656 1884 minimum
1681 1819 1751 1882 in
1782 1819 2195 1905 quadraturis,
2274 1812 2479 1908 Igitur
2507 1846 2671 1888 areae
2700 1838 2945 1910 tempo*

355 1931 529 1994 ribus
557 1930 898 2015 aequalibus
942 1928 1008 1990 in
1053 1927 1316 2013 syzygiis
1348 1937 1412 1990 et
1441 1926 1839 2011 quadraturis
1884 1926 2231 2011 descriptae,
2278 1940 2425 1996 sunt
2452 1929 2533 1995 ad
2562 1931 2831 1998 invicem
2873 1947 2945 1998 ut

362 2045 572 2102 11965
605 2035 685 2100 ad
721 2041 950 2100 11865.
1041 2032 1149 2099 Ad
1177 2044 1564 2096 momentum
1599 2033 1929 2099 minimum
1980 2042 2188 2100 11865
2234 2031 2503 2100 addatur
2531 2051 2940 2118 momentum,

357 2146 530 2233 quod
576 2146 654 2208 sit
699 2144 781 2208 ad
827 2155 1312 2207 momentorum·
1337 2141 1751 2206 differentiam
1807 2152 1928 2208 100
1973 2153 2045 2208 ut
2086 2144 2430 2226 trapezium
2478 2145 2533 2210 F
2566 2146 2631 2210 Κ
2665 2147 2719 2210 C
2753 2149 2819 2212 G
2861 2149 2946 2212 ad
3014 2182 3021 2188 ·

356 2253 741 2342 triangulum
786 2252 849 2316 T
881 2253 936 2316 C
968 2251 1034 2317 G
1079 2252 1151 2336 (¹)
1197 2252 1296 2314 vel
1332 2251 1501 2336 quod
1528 2251 1793 2334 perinde
1822 2263 1933 2328 est,
1968 2263 2039 2314 ut
2068 2253 2441 2337 quadratum
2472 2254 2645 2322 sinus
2680 2255 2735 2320 P
2766 2257 2832 2321 K
2860 2259 2945 2322 ad

359 2364 734 2451 quadratum
775 2363 936 2427 radii
979 2362 1043 2425 T
1076 2362 1150 2439 P,
1197 2363 1268 2447 (⁸)
1317 2361 1410 2446 (id
1454 2373 1566 2438 est,
1601 2373 1686 2424 -ut
1734 2361 1797 2425 P·
1821 2362 1864 2425 d
1904 2362 1989 2426 ad
2021 2363 2084 2426 T
2115 2363 2198 2444 P)
2242 2376 2306 2427 et
2348 2385 2593 2428 summa
2620 2365 2945 2434 exhibebit

359 2483 750 2536 momentum
779 2493 963 2547 areoe,
994 2468 1105 2534 ubi
1136 2467 1324 2533 Luna
1351 2481 1447 2532 est
1473 2467 1542 2532 in
1570 2467 1712 2532 loco
1740 2468 1960 2554 quovis
1988 2469 2361 2534 intermedio
2394 2469 2467 2534 P.

425 2683 494 2751 (9)
537 2687 564 2718 ⁹
591 2687 660 2735 Et
690 2685 898 2734 velocitas.
915 2699 1055 2747 quam
1089 2684 1154 2732 vis
1185 2683 1386 2731 maa-z'ma
1422 2689 1621 2742 tempore

359 2749 519 2814 quovis·
541 2751 582 2798 C
599 2751 642 2798 P
657 2759 844 2810 generat
869 2751 930 2796 od
950 2751 1224 2796 velocitatem
1240 2763 1385 2809 quam
1397 2754 1622 2806 generant

359 2815 482 2861 vires
501 2827 622 2860 verae
647 2813 691 2860 E
711 2811 758 2858 L
777 2816 930 2860 codem
952 2821 1148 2874 tempore
1162 2821 1344 2871 agentes
1365 2819 1421 2857 ut
1446 2807 1480 2872 ᾖ
1513 2812 1560 2856 T
1578 2813 1624 2858 P

364 2885 416 2935 Χ
447 2881 490 2928 C
511 2881 554 2928 P
581 2879 647 2926 ad
679 2893 838 2928 aream
859 2881 915 2927 K
931 2881 971 2926 (J
999 2879 1041 2924 G
1064 2879 1123 2932 F,
1157 2875 1420 2922 velocitates
1447 2873 1620 2936 genitae

361 2951 476 2990 sunt
497 2949 550 2989 ut
570 2941 691 2990 vires
709 2941 880 3003 quihus
899 2950 1194 3004 generantur,
1229 2938 1388 2988 ductoe
1417 2937 1467 2984 iu
1500 2946 1619 2984 tem·

360 3019 452 3067 pua
471 3021 556 3066 per
571 3005 703 3068 quod
717 3017 1013 3067 generantur,
1033 3005 1146 3052 cum
1157 3005 1316 3064 itaque
1330 3011 1619 3062 supponatur

360 3086 525 3118 omnes
537 3086 677 3118 arcus
696 3069 740 3118 P
748 3086 780 3131 p
795 3069 1082 3131 temporibus
1093 3065 1448 3130 quamproxime
1461 3081 1618 3128 aequa-

360 3134 486 3182 libus
515 3134 726 3191 describi,
761 3135 801 3181 si
832 3135 865 3181 ii
899 3149 1034 3182 arcus
1069 3134 1112 3180 P
1133 3149 1164 3192 p
1198 3129 1398 3192 aequales
1417 3130 1539 3178 inter
1570 3145 1620 3178 se

361 3209 608 3246 sumantur
633 3198 748 3262 (vid.
775 3208 872 3247 not.
897 3197 920 3222 ⁸
941 3197 1166 3258 praeced.)
1189 3195 1452 3245 velocitates
1483 3193 1618 3256 geni-

361 3271 438 3317 to,
461 3264 579 3312 dum
599 3277 734 3310 arcus
769 3263 813 3310 P
834 3278 866 3324 p
897 3270 1246 3322 percurruntur,
1279 3269 1392 3306 sunt
1421 3268 1476 3308 ut
1507 3259 1620 3320 ipsae

361 3329 482 3375 vires
515 3328 610 3374 sive
647 3337 702 3376 ut
735 3341 856 3374 areae
899 3328 939 3374 F
976 3327 1025 3374 K
1058 3327 1091 3372 k
1124 3326 1160 3383 f,
1197 3322 1398 3386 ideoque
1435 3334 1620 3370 summa

302 3399 312 3404 ’
365 3392 662 3440 velocitatum
683 3391 949 3453 genitarum
977 3400 1186 3450 tempore
1223 3389 1264 3436 C
1293 3389 1348 3444 P,
1384 3386 1480 3434 sive
1501 3387 1618 3438 dum

364 3471 499 3503 arcus
519 3457 559 3504 C
581 3456 624 3503 P
638 3455 926 3520 describitur,
951 3464 1020 3502 est
1039 3465 1096 3502 ut
1117 3464 1215 3501 tota
1234 3469 1342 3500 area
1361 3452 1412 3498 K
1433 3452 1473 3498 C
1494 3452 1540 3498 G
1559 3451 1616 3508 F,

365 3520 448 3566 sed
464 3521 532 3568 vis
551 3521 602 3566 In
622 3520 883 3568 octantibus
899 3521 994 3568 sive
1011 3519 1226 3568 velocitas
1239 3513 1346 3582 quae
1367 3517 1416 3562 in
1438 3524 1622 3564 octaute

1311 3581 1356 3628 T
1373 3581 1416 3627 P
1432 3587 1482 3638 ><
1510 3581 1551 3626 Ρ
1566 3597 1599 3640 p

365 3633 616 3686 generatur
634 3622 832 3672 durante
851 3633 1060 3684 tempore
1084 3622 1128 3670 P
1147 3638 1194 3682 p,
1218 3631 1288 3670 est
1308 3645 1615 3708 -Ἓ--Ἷ

367 3725 477 3788 quia
497 3726 622 3773 eoin
644 3727 748 3778 loco
779 3726 820 3772 is
852 3735 924 3774 est
955 3727 1083 3774 valor
1116 3740 1236 3778 areae
1272 3725 1314 3772 F
1338 3725 1389 3772 K
1410 3723 1445 3770 k
1465 3726 1501 3781 f,
1536 3722 1620 3834 qlui

368 3789 496 3836 valor
516 3800 585 3838 est
605 3791 702 3852 ipse
723 3791 850 3842 valor
871 3807 990 3838 areae
1017 3790 1059 3838 P
1083 3791 1127 3838 T
1147 3807 1192 3851 p,
1229 3805 1342 3853 ergo
1363 3789 1402 3836 si
1423 3789 1560 3851 singu
1583 3789 1621 3834 ‘s

367 3854 616 3902 momentis
643 3855 728 3916 Pp
749 3854 913 3904 similis
927 3851 1464 3918 velocitasgeneraretur,
1490 3868 1620 3900 aum-

369 3933 448 3966 ma
480 3919 768 3968 velocitatem
803 3920 1066 3982 genitarum
1099 3928 1310 3979 ternpore
1347 3919 1386 3966 C
1425 3917 1469 3964 P
1499 3918 1622 3968 foret

329 3979 679 4034 ‘areaCTP
709 3983 1069 4046 sive-{TPX
1103 3983 1227 4037 CP,
1261 3998 1374 4043 ergo
1405 3981 1621 4028 velocitas

368 4061 509 4109 quam
532 4048 600 4095 vis
619 4049 822 4095 maxima
838 4057 1118 4114 generauest
1138 4047 1199 4094 ad
1221 4062 1324 4093 eam
1341 4061 1482 4108 quam
1502 4048 1621 4092 vires

369 4125 490 4158 verae
509 4121 748 4174 generant,
773 4122 866 4159 tem
929 4127 979 4158 re
997 4111 1214 4174 utrinque
1235 4110 1401 4158 eodem
1427 4109 1466 4158 C
1486 4110 1542 4167 P,
1566 4119 1622 4157 ut

371 4173 614 4238 {TPx
648 4175 838 4224 CPad
944 4175 1140 4222 CGF.

436 4238 504 4302 (Ρ)
553 4243 683 4290 Huic
706 4243 864 4288 Lunoe
891 4242 1109 4288 velocitati
1130 4257 1234 4302 quae
1255 4255 1376 4285 crece
1397 4248 1621 4287 momento

372 4307 581 4366 malicori
599 4314 664 4352 est
685 4307 892 4364 analoga.
967 4305 1107 4352 Aoeae
1128 4313 1423 4350 momentum
1444 4303 1622 4349 medio·

372 4381 447 4412 cre
479 4367 597 4416 illud
633 4379 720 4421 est,
739 4367 867 4428 quod
901 4368 1042 4415 Luna
1073 4367 1182 4415 dato
1215 4367 1389 4430 exiguo
1417 4375 1626 4426 tempore

371 4443 567 4480 verreret
586 4433 627 4480 si
647 4432 871 4479 uniformi
895 4431 1134 4478 velocitate
1165 4441 1264 4478 toto
1297 4447 1383 4478 suo
1416 4440 1624 4490 tempore

369 4493 578 4554 ferretur,
612 4495 818 4558 cumque
843 4495 986 4542 Luna
1013 4511 1095 4556 per
1123 4496 1218 4542 vim
1257 4496 1300 4542 E
1327 4496 1370 4543 L
1405 4495 1543 4542 certis
1573 4495 1625 4541 in

374 4552 486 4606 locis
505 4561 612 4620 plus
633 4560 848 4608 minusve
867 4559 1161 4616 acceleretur,
1185 4575 1304 4607 aii-eae
1315 4568 1624 4618 momentum,

381 4637 462 4670 seu
493 4640 550 4674 ea
581 4641 700 4673 arem
721 4623 953 4686 particula
972 4638 1078 4684 quae
1099 4624 1208 4671 dato
1227 4624 1400 4686 exiguo
1420 4631 1630 4683 tempore
1691 4622 1847 4670 lorum
1874 4624 1917 4672 P
1942 4625 1993 4672 K
2014 4623 2062 4678 d,
2092 4623 2138 4735 I:l

381 4684 668 4746 describitur,
693 4703 818 4736 nunc
837 4688 985 4750 major
1000 4703 1126 4735 nunc
1138 4689 1291 4735 minor
1305 4696 1398 4748 est3
1421 4687 1504 4734 sed
1516 4685 1628 4734 cum

1687 2677 1813 2726 orbis
1828 2677 2003 2728 lunaris
2030 2677 2269 2730 circularis
2294 2688 2552 2739 censeatur,
2570 2695 2690 2728 arem
2705 2691 2946 2730 momenta

1687 2752 1799 2789 sunt
1820 2751 1875 2788 ut
1894 2741 2029 2789 arcus
2048 2743 2128 2805 qui
2152 2754 2263 2791 sunt
2284 2759 2446 2792 eorum
2468 2747 2613 2801 bases,
2638 2743 2845 2808 cumque
2864 2745 2945 2806 ila-

1686 2806 1796 2852 dem
1818 2808 2104 2866 temporibus
2135 2807 2218 2855 illa
2248 2817 2487 2856 momenta
2506 2807 2670 2870 illique
2701 2824 2837 2856 arcus
2861 2809 2945 2858 de-

1685 2871 1963 2927 scribantur,
1990 2881 2101 2920 sunt
2120 2883 2177 2922 ut
2196 2872 2463 2922 velocitates
2480 2872 2651 2935 quibus
2671 2872 2943 2924 describun-

1685 2943 1779 2984 tur.
1851 2935 1987 2984 Hinc
2006 2950 2092 2996 pro
2112 2951 2326 2984 arearum
2356 2934 2607 2984 momentis
2627 2935 2742 2998 ipsae
2773 2936 2949 2984 veloci»

1683 3007 1835 3048 tatum
1856 2999 2057 3048 rationes
2076 3010 2391 3048 assumuntur.

1750 3090 1821 3155 (ἶ)
1846 3096 1874 3122 *
1894 3093 2114 3140 Αάάαειιν
2128 3101 2172 3140 et
2188 3093 2433 3156 auferatur
2444 3095 2689 3142 dimidium
2704 3097 2945 3144 velocitatis

1685 3157 1888 3204 athrim.
1963 3156 2063 3203 Hie
2104 3157 2300 3204 assumit
2345 3158 2607 3205 Newtonua
2652 3157 2941 3205 velocitatem

1683 3219 1982 3277 mediocrem,
2019 3235 2121 3267 eam
2144 3235 2315 3280 nempe
2329 3222 2429 3283 quii
2446 3223 2596 3268 orbita
2624 3221 2800 3268 lunaris
2820 3231 2942 3270 tem-

1682 3299 1797 3343 pore
1818 3298 1904 3330 suo
1926 3284 2158 3344 periodico
2180 3285 2475 3331 uniformiter
2496 3284 2828 3332 describeretur
2843 3302 2943 3333 esse

1682 3347 1886 3395 mediam
1910 3348 2301 3408 proportionalem
2320 3346 2607 3395 arithmetice
2628 3348 2749 3396 inter
2770 3350 2943 3410 veloci-

1683 3420 1829 3459 tatem
1870 3413 2115 3460 minimam
2156 3421 2204 3459 α
2245 3412 2512 3460 maximam.
2596 3413 2647 3458 H
2652 3427 2739 3459 ane
2782 3423 2940 3461 tamen

1683 3475 2048 3537 propositionem
2090 3477 2224 3540 quasi
2266 3477 2527 3524 evidentem
2566 3492 2801 3524 assumere
2845 3494 2941 3526 non

1685 3541 1831 3595 licuit,
1873 3542 1911 3587 si
1948 3541 2075 3588 enim
2114 3558 2156 3589 v.
2196 3555 2267 3606 gr.
2310 3541 2487 3588 diutius
2530 3539 2751 3591 durarent
2788 3558 2941 3602 parvae

1683 3605 1946 3652 velocitates
1988 3603 2131 3667 quam
2172 3621 2371 3668 magnae,
2428 3605 2645 3654 velocitas
2698 3607 2941 3658 mediocris

1683 3671 1871 3730 propior
1890 3669 2011 3719 foret
2041 3671 2193 3732 parvis
2212 3671 2532 3718 velocitatibus
2551 3669 2693 3750 quam
2724 3673 2937 3736 magnis;

1683 3733 1795 3780 hinc
1815 3735 2090 3793 exponenda
2110 3744 2179 3782 est
2199 3735 2330 3795 prius
2354 3735 2473 3782 ratio
2490 3751 2588 3798 qua
2608 3747 2825 3784 crescunt
2845 3733 2941 3782 illae

1685 3797 1959 3854 velocitates,
1982 3807 2038 3845 ut
2059 3799 2289 3864 possimus
2304 3813 2503 3846 asserere
2518 3799 2798 3849 mediocrem
2815 3801 2941 3850 velo-

1679 3863 1873 3910 citatem
1918 3862 2073 3910 Lunae
2116 3879 2217 3914 esse
2250 3861 2453 3912 mediam
2490 3863 2778 3912 arithmetice
2820 3864 2943 3911 inter

1681 3935 1925 3976 extremas.
2016 3927 2160 3982 Quod
2202 3927 2393 3990 quidem
2436 3927 2617 3975 efficere
2670 3927 2943 3975 conabimur

1683 3990 1969 4050 problemate
1988 3993 2101 4040 huic
2120 3981 2423 4052 propositioni
2442 4007 2554 4039 mox
2577 3991 2920 4056 subjungendo.

1750 4086 1816 4151 (¹¹)
1842 4090 1869 4118 ¹*
1906 4090 1986 4138 Vel
2004 4090 2125 4150 quod
2140 4089 2330 4148 perinde
2351 4097 2415 4136 est
2436 4096 2489 4138 ut
2511 4091 2795 4149 quadratum
2814 4087 2945 4137 tinnis

1688 4155 1893 4200 PKad
1923 4154 2347 4214 quadratummdii
2378 4155 2421 4200 T
2447 4155 2485 4197 P
2516 4167 2623 4202 area
2658 4152 2701 4198 T
2729 4153 2767 4198 C
2796 4153 2838 4204 G
2872 4161 2947 4202 est

1685 4214 1745 4263 a'd
1768 4231 1924 4262 aream
1948 4217 1993 4267 T
2013 4216 2064 4264 Κ
2087 4216 2127 4262 F
2149 4226 2205 4266 ut
2222 4215 2367 4277 quad.
2415 4216 2460 4263 T
2486 4217 2525 4262 C
2548 4215 2609 4264 ad
2630 4215 2768 4275 quad·
2822 4216 2866 4265 T
2889 4215 2945 4268 K

1686 4288 1736 4326 et
1754 4279 2005 4328 dividendo
2028 4280 2074 4332 Τ
2098 4281 2139 4327 C
2166 4281 2214 4330 G
2234 4305 2300 4318 -—
2326 4281 2370 4330 T
2394 4280 2439 4326 K
2470 4280 2509 4328 F
2533 4280 2650 4343 (sive
2676 4278 2717 4324 F
2736 4280 2788 4330 K
2808 4280 2849 4332 C
2870 4281 2943 4334 G)

1687 4342 2851 4406 adTCGutTC2—TK²(sivePK²)
2885 4344 2947 4392 ad

1693 4408 1739 4454 T
1764 4408 1803 4456 C
1826 4411 1864 4454 ².

1754 4494 1794 4558 (⁸
1861 4499 1886 4526 ⁴
1923 4497 2347 4544 IdeseuePdad
2376 4499 2487 4544 ΤΡ
2516 4506 2585 4544 est
2621 4495 2799 4544 Pdad
2826 4493 2946 4544 PK

1690 4567 1747 4606 ut
1841 4559 1891 4608 K
1912 4559 1974 4606 ad
1998 4560 2043 4607 T
2068 4560 2111 4607 P
2140 4571 2327 4621 propter
2348 4560 2703 4609 similitudinem
2734 4560 2948 4625 triangu-

2158 4624 2296 4735 de,
2330 4639 2443 4688 ergo
2464 4641 2547 4686 per
2566 4625 2947 4685 compositionem

1691 4687 2086 4736 rationumestP
2317 4685 2907 4740 PutPK2ad'rP2,
