3384 5509
21 3 123 12 .—-.-
142 5 151 8 -
186 5 199 7 .,

268 419 502 502 ιιωιιι
522 434 886 530 Tamna]
941 433 1431 502 PRmCIPlA
1479 434 2232 503 MATHEMATICA.
2639 479 2644 482 -
2690 444 2867 507 ,177
2968 519 2976 526 ἃ

273 621 511 696 posset,
551 610 990 696 porrigebatur
1033 610 1116 672 ad
1159 609 1454 696 gradum*
1470 631 1670 696 usque
1687 610 2156 674 ·duodecimum
2195 612 2296 675 vel
2338 610 2528 696 paulo
2556 605 2752 674 ultra:
2800 623 2871 673 ut·

275 742 469 804 supra
511 719 751 793 dictum
793 731 907 784 est.
999 719 1128 784 Sed
1149 731 1245 783 etr
1265 720 1417 783 Feb.
1452 729 1491 784 9
1523 732 1588 782 et
1621 729 1701 784 10
1732 721 1843 784 ubi
1872 732 2060 806 caput
2086 721 2275 785 nudis
2305 720 2503 784 oculis
2533 719 2731 784 videri
2760 719 2877 782 de-·

276 829 484 905 sierat‚
521 829 800 892 ‘caudam
839 816 1072 914 gradus
1113 827 1272 893 duos
1314 827 1570 914 longam
1608 849 1727 912 per
1767 827 2173 914 telescopium
2216 829 2668 912 contemplatus
2698 849 2867 908 ⁴sum.

279 937 486 1002 Porro
518 939 572 1002 si
600 917 802 1002 cauda
829 940 1098 1004 oriretur
1127 961 1208 1003 ex
1227 938 1599 1004 refractione
1619 941 2209 1019 materiae'coelestis,
2232 953 2297 1006 et
2311 964 2430 1024 pro
2452 939 2657 1028 figura
2680 941 2871 1005 coelo-

277 1067 422 1110 rum
451 1047 889 1110 deflecteretur
916 1047 996 1110 de
1032 1047 1194 1110 Solis
1227 1047 1639 1130 oppositione,
1672 1046 1939 1112 deberet·
1955 1047 2221 1111 deflexio
2250 1047 2359 1112 illa
2385 1048 2452 1110 in
2481 1047 2703 1112 iisdem
2730 1047 2870 1111 coeli

277 1133 640 1244 regionibus
692 1156 760 1219 in
811 1155 1076 1219 eandem
1127 1176 1374 1238 semper
1414 1167 1660 1238 partem
1702 1154 1861 1218 fieri.
1951 1156 2152 1241 Atqui
2195 1155 2437 1238 cometa
2483 1157 2633 1218 anni
2681 1164 2870 1220 1680.

278 1269 619 1332 Decembr'.
653 1274 756 1332 28.
790 1267 950 1330 hora
976 1269 1074 1347 8}
1104 1289 1170 1351 p.
1202 1266 1616 1344 m.„Londini,
1647 1267 2013 1331 versabatur
2054 1269 2121 1332 in
2156 1279 2211 1332 3<
2248 1277 2357 1334 8⁸¹.
2390 1271 2513 1334 41'.
2544 1291 2689 1333 cum
2710 1251 2871 1334 ,Iati-

278 1361 500 1442 tudine
547 1367 790 1441 boreali
831 1383 982 1439 283'.
1015 1377 1101 1463 δ’.
1144 1375 1290 1440 Sole
1320 1377 1624 1439 existente
1674 1377 1742 1439 in
1785 1381 1853 1440 ΡΒ
1889 1383 2035 1440 188“’.
2058 1379 2201 1442 ·26’.
2295 1377 2382 1443 Et
2432 1393 2678 1451 cometa
2723 1379 2873 1444 anni

287 1492 474 1552 1577.
507 1485 669 1550 Dec.
702 1491 806 1548 29.
851 1482 1213 1548 versabatur
1253 1483 1321 1551 in
1355 1475 1410 1545 ’κ
1451 1491 1557 1547 8⁸¹⁹.
1591 1485 1717 1546 41'.
1741 1492 1899 1547 'cum
1941 1483 2269 1548 latitudine
2298 1475 2535 1548 boreali
2566 1492 2716 1548 283¹.
2748 1487 2871 1549 40'.

287 1592 444 1657 Sole
473 1591 663 1655 etiam
688 1591 997 1655 existente
1024 1590 1090 1652 in
1119 1595 1185 1654 ¹¹:5³
1226 1597 1370 1654 18⁸¹.
1404 1591 1529 1654 26².
1563 1585 1825 1656 circiter.
1904 1591 2195 1677 Utroque
2229 1591 2296 1654 in
2326 1615 2477 1656 casu
2505 1592 2709 1656 Terra
2736 1615 2875 1656 ver-

281 1703 537 1768 sabatur
563 1703 654 1766 ‘in
701 1701 923 1764 eodem
967 1701 1130 1778 loco,
1183 1714 1246 1764 et
1297 1713 1540 1764 cometa
1589 1701 1929 1784 apparebat
1978 1701 2045 1763 in
2094 1700 2313 1764 eadem
2356 1703 2498 1765 coeli
2534 1693 2723 1787 ‘parte
2746 1727 2763 1765 z
2785 1687 2791 1695 '¹
2808 1702 2877 1765 in

281 1813 481 1898 priori
509 1825 720 1876 tamen
748 1833 896 1875 casu
925 1810 1126 1873 cauda
1155 1822 1416 1873 cometae
1449 1815 1556 1894 (ex
1585 1810 1742 1872 meis
1772 1824 1835 1872 et
1864 1809 2129 1872 aliorum
2170 1809 2733 1891 observationibus)
2766 1812 2878 1875 de·-

283 1925 557 1990 clinabat
599 1922 831 2010 angulo
872 1921 1190 2009 graduum·
1227 1923 1310 2002 4}
1357 1921 1462 1983 ab.
1483 1922 1877 2005 oppositione
1924 1921 2087 1986 Solis
2120 1920 2475 2006 aquilonem
2503 1942 2761 2000 versus3
2811 1921 2879 1985 in

285 2033 636 2117 posteriore
657 2030 809 2096 vero
839 2035 948 2113 (ex
976 2028 1511 2114 observationibus
1544 2026 1892 2112 Tychonis)
1924 2027 2258 2092 declinatio
2286 2039 2421 2091 erat
2447 2028 2759 2114 graduum
2790 2035 2865 2091 21

286 2142 354 2207 in
396 2153 695 2206 austrum.
785 2139 992 2226 I'gitur
1033 2137 1356 2222 repudiata
1401 2138 1706 2203 coelorum
1748 2137 2137 2216 refractione,
2186 2150 2466 2222 superest
2504 2151 2577 2201 ut
2614 2137 2879 2224 phaeno-

287 2271 473 2314 mena
503 2249 843 2320 caudarum
873 2269 956 2312 ex
983 2245 1242 2311 materia
1275 2245 1482 2334 aliqua
1513 2246 1719 2310 lucem
1750 2249 2105 2312 reflectente
2134 2243 2511 2313 deriventur.

377 2357 628 2422 Caudas
674 2367 884 2422 autem
911 2379 952 2420 a
981 2355 1287 2439 capitibus
1316 2355 1470 2419 oriri
1499 2365 1563 2419 et
1591 2355 1658 2422 in
1687 2355 1977 2442 regiones
2016 2379 2055 2418 a
2098 2355 2245 2420 Sole
2274 2365 2519 2420 aversas
2549 2353 2883 2420 ascendere

291 2467 704 2531 confirmatur
757 2468 834 2552 (ὃ)
887 2488 969 2530 ex
1016 2465 1259 2553 legibus
1302 2489 1456 2551 quas
1498 2467 1849 2531 observant.
1942 2466 2037 2534 Ut
2080 2465 2250 2554 quod
2287 2470 2353 2530 in
2392 2469 2595 2553 planis
2632 2469 2885 2532 orbium

289 2561 680 2642 cometarum
706 2599 822 2662 per
857 2577 1068 2642 Solem
1097 2577 1558 2642 transeuntibus
1579 2579 1878 2663 jacenteS,
1904 2578 2156 2643 deviant
2184 2580 2263 2643 ab
2292 2580 2687 2664 oppositione
2720 2579 2885 2644 Solis

293 2689 358 2751 in
391 2712 496 2752 eas
525 2709 772 2772 semper
797 2697 1027 2772 parteS‚
1055 2710 1210 2772 quas
1237 2687 1440 2771 capita
1467 2684 1535 2751 in
1564 2683 1821 2753 orbibus
1849 2687 1971 2752 illis
2008 2687 2474 2774 progredientia
2500 2689 2883 2774 relinquunt.

299 2795 497 2871 Quod
549 2795 880 2879 spectatori
928 2795 996 2856 in
1045 2793 1145 2858 his
1195 2793 1398 2878 planis
1443 2794 1791 2860 constituto
1836 2807 2141 2884 apparent
2185 2792 2254 2858 in
2309 2795 2591 2880 partibus
2641 2818 2681 2858 a
2736 2795 2887 2860 Sole

362 2965 437 3030 (³)
467 2971 572 3022 164.
603 2970 630 2998 *
655 2969 731 3014 Ea·
759 2970 930 3028 legibus
949 2983 1062 3030 quas
1085 2969 1333 3015 observant.
1408 2966 1566 3028 Leges
1623 2959 1753 3014 enim
1784 2975 1967 3016 cometa
1990 2966 2163 3016 directe
2194 2983 2225 3014 a
2256 2966 2365 3015 Sole
2394 2967 2467 3014 vel
2496 2966 2557 3015 ad
2592 2968 2752 3016 Solem
2782 2977 2889 3014 ten-

297 3029 394 3076 illae
416 3046 533 3092 quas
554 3033 794 3078 observant
814 3040 1098 3078 cometarum
1121 3029 1287 3078 caudae
1305 3043 1416 3077 cum
1443 3046 1562 3090 prae-
1627 3031 1771 3084 deret,
1795 3031 1945 3078 cauda
1964 3047 2151 3094 quoque
2170 3031 2292 3078 foret
2319 3041 2445 3079 recta
2466 3041 2513 3079 et
2532 3047 2563 3078 a
2586 3033 2694 3081 Sole
2714 3030 2889 3080 directe

297 3094 425 3142 dicta
475 3095 698 3142 Newtoni
739 3093 972 3144 sententia
1020 3094 1228 3169 apprime
1275 3096 1560 3155 congruunt.
1626 3109 1800 3142 aversa.
1872 3095 2007 3143 Hinc
2048 3104 2176 3156 patet
2206 3095 2259 3142 in
2301 3095 2405 3156 ipso
2437 3105 2631 3143 cometae
2662 3095 2888 3156 perihelio

303 3158 470 3206 Cauda
490 3174 518 3205 a
541 3167 734 3206 cometae
755 3159 904 3218 capite
931 3159 1115 3220 vaporis
1147 3158 1292 3204 instar
1323 3157 1374 3204 in
1394 3158 1558 3214 altum,

297 3222 346 3270 id
369 3234 453 3280 est,
477 3222 528 3270 in
550 3231 702 3282 partes
723 3239 750 3270 a
768 3223 874 3271 Sole
885 3237 1063 3270 aversas
1079 3237 1329 3284 assurgens
1347 3221 1398 3268 in
1421 3221 1563 3281 plano

297 3287 424 3334 orbis
443 3295 640 3334 cometae
661 3303 744 3347 per
763 3287 917 3334 Solem
939 3295 1210 3334 transeunte
1223 3286 1380 3349 jacere
1395 3285 1560 3333 debet·
1545 3303 1561 3344 3

297 3350 352 3396 in
373 3352 544 3398 aethere
567 3351 692 3397 enim
703 3351 862 3412 quieto
885 3349 1015 3397 nulla
1031 3359 1101 3397 est
1119 3350 1238 3397 ratio
1260 3365 1344 3396 cur
1359 3349 1420 3396 ad
1439 3352 1562 3396 hanc

298 3415 458 3476 potius
485 3413 628 3476 quam
661 3416 722 3462 ad
755 3415 887 3462 illam
917 3424 1098 3474 partem
1129 3413 1371 3462 deflectat.'
1434 3414 1563 3470 Quia

299 3487 460 3526 autem
491 3493 634 3539 vapor
662 3495 692 3526 a
713 3480 861 3540 capite
891 3481 1051 3526 exiens
1081 3478 1200 3525 duos
1231 3489 1389 3526 motus
1419 3478 1562 3526 simul

298 3542 556 3602 componit,
590 3543 791 3591 alterum
813 3543 986 3590 scilicet
1005 3557 1226 3590 ascensus
1246 3543 1362 3590 recti
1381 3559 1410 3590 a
1435 3543 1558 3598 Sole,

301 3605 505 3660 alterum
528 3607 636 3654 vero
657 3622 924 3670 progressus
945 3607 1122 3668 capitis,
1145 3606 1255 3654 hinc
1272 3607 1324 3653 fit
1340 3616 1394 3654 ut
1415 3606 1564 3653 cauda

304 3684 399 3717 non
431 3670 606 3721 directe
635 3686 666 3718 a
691 3671 798 3718 Sole
829 3686 986 3731 aversa
999 3672 1074 3728 sit,
1105 3671 1188 3718 sed
1219 3670 1563 3734 aliquantulum

302 3733 430 3782 inde
446 3733 646 3782 deviet
630 3751 684 3780 m
713 3751 790 3782 eas
821 3745 972 3794 partes
983 3751 1108 3798 quas
1129 3745 1323 3782 cometae
1344 3745 1486 3795 caput
1513 3735 1567 3780 in

303 3801 417 3845 orbe
445 3813 534 3846 suo
553 3797 854 3862 progrediens
873 3800 1124 3861 relinquit3
1148 3800 1189 3848 si
1209 3809 1366 3847 tamen
1389 3809 1566 3860 specta-

303 3870 380 3909 tor
397 3863 450 3908 in
472 3865 598 3911 orbis
617 3863 830 3911 cometici
851 3864 993 3923 plano
1011 3879 1096 3924 per
1119 3864 1275 3912 Solem
1297 3872 1568 3911 transeunte

305 3927 629 3985 constituatur,
652 3926 852 3975 deviatio
872 3927 1036 3974 caudae
1056 3927 1329 3989 neutiquam
1353 3928 1566 3984 sentitur,

304 3989 420 4053 quia
436 3999 536 4038 tota
555 3991 607 4037 in
628 3988 770 4052 plano
789 3990 879 4038 ist'o
892 3991 1031 4053 jacet.
1101 3991 1237 4038 Licet
1257 4007 1400 4052 vapor
1415 4007 1568 4038 assur-

305 4055 1346 4180 geniaessssussffiissff‘lsssssi‘efflffssffi
1355 4063 1574 4167 .ξῖἕέῑὶΞῖ

307 4181 452 4244 quam
486 4193 629 4244 caput
669 4183 826 4243 ipsum
867 4183 1176 4258 progreditur,
1221 4190 1269 4229 et
1304 4198 1400 4245 quo
1433 4183 1602 4230 altius.

308 4247 515 4294 ascendit
546 4263 690 4308 vapor
718 4247 775 4294 εό
807 4247 862 4294 fit
883 4249 1042 4304 rarior,
1075 4245 1127 4293 id
1154 4255 1239 4303 est,
1271 4261 1368 4308 quo
1389 4247 1575 4308 longior

308 4319 382 4358 est
420 4312 570 4360 cauda
611 4311 670 4359 ed
709 4311 936 4374 majorem
977 4309 1214 4372 experitur
1248 4311 1570 4368 resistentiam,

307 4371 512 4449 ideoque
551 4376 819 4446 praecedens
855 4374 1018 4422 caudae
1058 4375 1196 4428 latus,
1235 4374 1364 4436 quod
1401 4373 1575 4422 scilicet

307 4439 552 4499 proximus
585 4448 656 4486 est
695 4423 902 4502 μ’τιίῑιιιε
943 4437 1006 4486 ad
1033 4453 1156 4514 quas
1191 4438 1342 4485 tendit
1377 4449 1571 4492 cometa,

310 4517 574 4550 convexum
595 4505 696 4561 erit,
731 4519 926 4565 sequens
947 4500 1057 4549 vero
1077 4516 1348 4558 concavum,
1383 4517 1438 4548 ac
1466 4516 1576 4560 pro-

311 4565 424 4615 inde
453 4567 606 4615 cauda
635 4583 734 4614 non
755 4583 784 4614 a
818 4567 928 4614 Sole
947 4565 1178 4614 duntaxat
1198 4581 1356 4614 aversa
1376 4574 1459 4621 est,
1495 4565 1578 4611 sed

311 4631 454 4676 etiam
483 4631 768 4678 incurvatur.
839 4630 966 4677 Haec
985 4645 1016 4676 a
1052 4629 1161 4678 Sole
1181 4629 1383 4677 deviatio
1405 4638 1452 4676 et
1473 4643 1580 4675 cur-

289 4719 296 4724 »
312 4702 479 4741 vatura
490 4693 549 4742 eo
563 4695 719 4742 minor
735 4703 804 4742 est
817 4691 914 4757 quo
936 4702 1062 4740 recta
1078 4693 1238 4740 Solem
1253 4703 1578 4755 cometamque

313 4758 606 4822 conjungens
636 4758 868 4821 obliquior
887 4766 958 4805 est
978 4757 1040 4805 ad
1059 4766 1253 4808 cometae
1273 4757 1504 4816 orbitam3
1532 4757 1578 4804 si

1551 4841 1679 4891 M4

1623 3159 1879 3206 maximam
1900 3174 1997 3206 esse
2018 3159 2181 3206 caudae
2208 3157 2516 3206 deviationem
2538 3157 2887 3221 maximamque

1625 3230 1951 3281 curvaturam,
1975 3232 2088 3276 tunc
2110 3221 2237 3270 enim
2258 3231 2383 3270 recta
2408 3222 2563 3270 Solem
2584 3235 2633 3270 et
2654 3233 2887 3270 cometam

1627 3286 1919 3348 conjungens
1931 3285 1991 3334 ad
2008 3289 2168 3334 orbem
2178 3295 2375 3333 cometae
2392 3286 2613 3333 normalis
2628 3299 2711 3334 est.
2757 3289 2889 3334 Prae-

1623 3349 1749 3397 terea
1792 3353 1853 3398 ob
1894 3351 2165 3411 praedictam
2216 3349 2327 3398 licet
2368 3349 2625 3396 admodum
2666 3351 2887 3413 exiguam
2986 3373 2991 3378 -

1625 3413 1811 3460 aetheris
1849 3413 2173 3472 resistentiam,
2217 3429 2423 3461 convexa
2465 3413 2627 3462 caudae
2660 3415 2801 3462 facies
2836 3415 2891 3462 in

1625 3479 1845 3525 aetherem
1874 3479 2117 3526 incurrens
2136 3478 2323 3525 densior
2343 3488 2427 3535 est,
2460 3492 2515 3525 ac
2542 3479 2737 3537 proinde
2769 3479 2889 3526 luci-

1625 3542 1729 3589 dior
1743 3551 1791 3590 et
1804 3541 2067 3592 distinctius
2080 3542 2327 3590 terminata
2340 3543 2577 3604 apparebit
2593 3541 2734 3604 quam
2744 3542 2891 3590 facies

1627 3621 1842 3653 concava.
1904 3606 2030 3654 Haec
2046 3615 2157 3653 sunt
2178 3607 2412 3667 praecipua
2424 3605 2677 3682 qudarum
2699 3608 2891 3670 pbaeno-
2986 3611 2990 3620 '
3016 3593 3019 3601 ¹

1628 3685 1769 3718 mena
1800 3671 1970 3732 quibus
2001 3671 2223 3718 satisfacit
2256 3670 2477 3717 Newtoni
2508 3669 2681 3730 opinio.
2755 3671 2891 3718 Hinc

1629 3733 1804 3782 caudas
1844 3750 1876 3780 a
1911 3735 2137 3795 capitibus
2173 3735 2309 3782 oriri
2320 3744 2367 3781 et
2398 3735 2448 3780 in
2478 3735 2692 3795 regiones
2721 3750 2751 3782 a
2782 3735 2895 3802 Sole

1630 3813 1811 3846 aversas
1844 3800 2091 3849 ascendere
2125 3798 2427 3846 confirmatur
2460 3811 2519 3844 ex
2560 3797 2743 3862 legibus
2776 3814 2893 3862 quas

1629 3865 1887 3910 observant.

1702 3931 1807 3974 165.
1865 3907 2123 3988 Descriptis
2164 3926 2462 3988 opinionibus
2502 3926 2563 3974 de
2604 3939 2894 3976 cometarum

1632 3991 1797 4038 caudis
1830 3991 2133 4054 adjungenda
2163 4001 2233 4038 est
2263 3991 2345 4037 illa
2365 4006 2508 4053 quam
2540 3991 2709 4038 clariss.
2741 3991 2807 4038 D.
2836 3993 2897 4040 de

1635 4055 1826 4102 Mairan
1857 4056 1909 4101 in
1940 4056 2111 4102 eximio
2138 4057 2294 4116 Opere
2315 4053 2375 4102 de
2402 4053 2591 4102 Aurora
2614 4055 2802 4104 Boreali
2822 4057 2899 4102 his

1637 4128 1799 4166 tuetur
1819 4118 2052 4166 rationum
2073 4120 2337 4166 momentis.
2414 4121 2631 4168 Cometas
2652 4120 2712 4166 ad
2740 4120 2898 4167 Solem

1637 4181 1850 4242 proxime
1862 4183 2079 4230 accedere
2092 4183 2485 4230 observationibus
2497 4193 2785 4243 compertum
2800 4193 2895 4231 cst·
2880 4219 2897 4242 ,

1637 4247 1749 4294 hinc
1783 4247 2107 4294 Newtonianae
2127 4247 2409 4294 attractionis
2440 4247 2625 4310 legibus
2654 4257 2899 4295 consenta-

1636 4325 1783 4358 neum
1824 4311 2009 4358 videtur
2048 4321 2105 4357 ut
2146 4311 2350 4372 aliquam
2384 4311 2546 4358 solaris
2580 4313 2901 4372 atmosphaerae

1636 4375 1881 4422 materiam
1913 4385 2095 4422 cometa
2124 4376 2334 4422 attrahat.
2408 4377 2510 4423 Cur
2529 4385 2685 4423 autem
2709 4376 2903 4424 materia

1637 4439 1742 4486 haec
1768 4439 1912 4487 instar
1944 4454 2092 4487 comae
2130 4447 2267 4486 vento
2300 4439 2485 4502 agitatae
2527 4439 2817 4502 dispergatur
2855 4449 2904 4488 et

1641 4502 1705 4549 ad
1732 4503 1851 4550 Solis
1882 4503 2145 4562 oppositum
2170 4503 2411 4564 dirigatur,
2444 4518 2503 4550 ex
2524 4503 2761 4550 radiorum
2782 4504 2902 4552 sola·

1640 4565 1767 4613 rium
1801 4566 2082 4628 impulsione
2119 4565 2227 4612 oriri
2262 4576 2425 4626 potest.
2513 4568 2740 4616 Plurimis
2776 4571 2907 4616 enim

1644 4631 1975 4690 experimentis
1995 4640 2172 4678 certum
2190 4638 2261 4677 est
2273 4630 2444 4678 solares
2458 4633 2613 4684 radios
2628 4633 2757 4678 omni
2774 4647 2907 4692 pror-

1642 4709 1724 4741 sus
1754 4693 2049 4755 impulsionis
2079 4695 2127 4740 vi
2159 4709 2257 4740 non
2287 4709 2457 4742 carere.
2529 4695 2716 4744 Clariss-
2748 4695 2906 4744 Hom-

1640 4759 1832 4824 bergius
1853 4759 1976 4806 varia
1994 4759 2203 4808 materiai
2234 4758 2479 4807 levissimae
2500 4759 2738 4809 filamema
2766 4761 2909 4809 radiis
