3384 5509
265 460 489 526 Lmen
508 459 867 542 Tannus]
906 460 1417 553 ‘PRINCIPIA
1463 456 2210 525 MATHEMATICA.
2408 442 2411 446 ’
2615 456 2618 461 ·
2733 470 2858 527 109

597 735 1168 819 PRQPQSITIO
1215 736 1591 801 XXXVII.
1684 736 2210 801 PROBLEMA
2247 737 2522 829 XVIII.

890 950 1168 1015 Invenire
1195 952 1312 1016 vim
1342 952 1543 1015 Lunae
1570 954 1658 1015 ad
1682 973 1850 1016 mare
1876 955 2236 1017 movendum.

346 1162 419 1247 (⁰)
466 1162 581 1227 Vis
613 1162 815 1226 Lunae
846 1160 931 1227 ad
948 1186 1131 1227 mare
1160 1161 1542 1227 movendum
1565 1162 1920 1248 colligenda
1947 1175 2042 1227 est
2069 1185 2150 1225 ex
2181 1165 2310 1248 ejus
2339 1165 2747 1248 proportione
2775 1164 2860 1229 ad
2933 1230 2936 1233 ,

256 1272 383 1335 vim
415 1274 602 1349 Solis,
650 1284 713 1335 et
740 1272 881 1335 hoec
908 1272 1237 1356 proportio
1265 1272 1621 1358 coUigenda
1648 1284 1748 1335 est
1775 1295 1856 1335 ex
1884 1273 2294 1357 proportione
2319 1286 2608 1339 motuum
2643 1275 2854 1354 mariS,

258 1382 363 1467 qui
392 1382 475 1444 ab
505 1382 603 1444 his
632 1382 866 1445 viribus
896 1382 1202 1446 oriuntur.
1267 1383 1437 1446 Ante
1467 1382 1699 1445 ostium
1719 1382 1892 1447 fluvii
1925 1382 2169 1446 Avonae
2200 1382 2281 1446 ad
2310 1383 2583 1467 lapidem
2601 1385 2856 1447 tertium

254 1490 419 1553 infra
473 1490 859 1569 Bristolium,
915 1503 1199 1575 tempore
1248 1513 1441 1554 verno
1494 1502 1556 1575 et
1603 1492 1948 1555 autumnali
1997 1504 2166 1556 totus
2217 1514 2396 1578 aquae
2448 1515 2738 1557 ascensus
2789 1494 2860 1555 in

257 1598 695 1681 conjunctione
724 1608 789 1661 et
817 1598 1211 1683 oppositione
1240 1596 1661 1673 luminarium,
1697 1597 2064 1661 observante
2099 1598 2389 1662 Samuele
2421 1600 2718 1678 SturmiO,
2763 1610 2858 1663 est

254 1704 491 1790 pedum
519 1704 659 1788 plus
688 1704 894 1769 minus
926 1713 1031 1781 45,
1080 1705 1145 1766 in
1176 1702 1571 1789 quadraturis
1603 1716 1812 1767 autem
1841 1716 1935 1768 est
1962 1704 2196 1789 pedum
2225 1716 2466 1769 tantum
2499 1714 2599 1771 25.
2691 1708 2854 1771 Alti-

257 1814 409 1878 tudo
426 1804 445 1831 ²
452 1814 627 1898 prior
678 1836 760 1877 ex
804 1810 1043 1875 summa
1096 1812 1340 1888 virium,
1387 1812 1698 1895 posterior
1740 1834 1820 1875 ex
1869 1812 2210 1877 earundem
2254 1812 2600 1878 differentia
2633 1814 2849 1877 oritur.

257 1922 419 1989 Solis
464 1924 659 2011 igitur
710 1933 774 1985 et
804 1922 1030 1985 Lunae
1077 1921 1145 1983 in
1197 1933 1516 2006 aequam1·e
1565 1920 1948 1985 versantium
1997 1933 2060 1984 et
2109 1922 2509 1985 mediocriter
2559 1947 2596 1987 a
2650 1921 2853 1986 Terra

253 2034 615 2109 distantium
638 2043 825 2095 sunto
856 2031 1020 2095 vires
1056 2032 1102 2095 S
1133 2040 1197 2094 et
1228 2030 1307 2108 L,
1354 2042 1419 2095 et
1448 2030 1566 2096 erit
1598 2031 1656 2095 L
1694 2040 1760 2107 -Ι-
1809 2032 1854 2095 S
1883 2032 1964 2095 ad
1998 2031 2056 2095 L
2085 2068 2172 2081 —-
2205 2032 2252 2097 S
2281 2044 2352 2095 ut
2381 2041 2463 2098 45
2496 2032 2576 2095 ad
2609 2040 2711 2108 25,
2746 2054 2855 2095 seu

255 2149 294 2204 9
329 2137 409 2202 ad
444 2146 504 2203 5.
548 2166 557 2172 ·

338 2248 415 2312 In
451 2260 641 2333 portu
674 2247 1001 2335 Plymuthi
1028 2259 1218 2311 aestus
1248 2248 1437 2311 maris
1466 2270 1549 2311 ex
1577 2246 2012 2312 observatione
2045 2247 2350 2311 Samuelis
2384 2248 2740 2333 Colepressi
2767 2248 2852 2311 ad

250 2356 445 2442 pedes
472 2358 618 2441 plus
647 2357 854 2422 minus
878 2357 1193 2423 sexdecim
1215 2355 1541 2421 altitudine
1560 2356 1865 2420 mediocri
1895 2355 2215 2432 attollitur,
2247 2378 2322 2419 ac
2338 2367 2630 2441 >tempore
2658 2378 2855 2421 verno

250 2475 311 2528 et
339 2464 689 2527 autumnali
718 2464 983 2527 altitudo
1012 2462 1199 2529 aestfis
1230 2465 1299 2527 in
1329 2462 1593 2550 syzygiis
1626 2484 1924 2545 superare
1950 2473 2157 2547 potest
2201 2462 2596 2527 altitudinem
2625 2465 2757 2548 ejus
2785 2466 2854 2528 in

249 2570 651 2656 quadraturis
680 2569 947 2655 pedibus
976 2570 1119 2655 plus
1149 2582 1386 2655 septem
1416 2568 1518 2632 vel
1547 2581 1710 2631 octo.
1805 2569 1874 2633 Si
1901 2568 2176 2631 maxima
2195 2566 2420 2631 harum
2452 2566 2852 2653 altitudinum

250 2676 599 2740 differentia
630 2677 709 2740 sit
734 2676 973 2761 pedum
998 2698 1246 2754 novem,
1282 2676 1399 2739 erit
1430 2676 1488 2739 L
1522 2685 1587 2752 -Ι-
1624 2676 1670 2739 S
1701 2675 1781 2739 ad
1813 2676 1872 2739 L
1902 2712 1990 2725 ——
2023 2676 2068 2739 S
2097 2686 2169 2738 ut
2200 2678 2322 2755 20}
2357 2674 2440 2738 ad
2471 2685 2498 2739 1
2517 2682 2591 2760 12}
2623 2700 2735 2742 seu
2763 2688 2839 2742 41

247 2786 327 2849 ad
356 2794 462 2850 23.
506 2786 725 2862 Quae
765 2786 1094 2883 proportio
1145 2785 1291 2849 satis
1342 2784 1632 2871 congruit
1682 2806 1829 2848 cum
1876 2786 2103 2869 priore.
2198 2784 2305 2848 Ob
2351 2786 2851 2889 magnitudinem
2919 2854 2924 2861 ,

247 2894 431 2959 aestus
475 2894 543 2957 in
591 2905 780 2978 portu
825 2894 1158 2972 Bristoliae,
1207 2893 1743 2958 observationibus
1792 2894 2052 2959 Sturmii
2099 2894 2298 2979 magis
2343 2892 2668 2959 fidendum
2713 2919 2848 2961 esse

247 3004 517 3081 videtur,
566 2996 835 3092 ideoque
864 3005 1067 3069 donec
1110 3003 1346 3092 aliquid
1374 3005 1601 3069 certius
1648 3003 2010 3082 constiterit,
2059 3003 2534 3089 proportionem
2585 3014 2625 3073 9
2677 3006 2760 3069 ad
2803 3014 2842 3073 5
2890 3052 2904 3058 -

243 3112 702 3196 usurpabimus,

336 3221 656 3286 Caeterum
686 3224 770 3287 ob
799 3246 1104 3346 aquarum
1134 3226 1490 3309 reciprocos
1519 3236 1748 3303 motuS,
1803 3235 1992 3287 aestus
2019 3223 2280 3287 maximi
2308 3244 2438 3286 non
2467 3224 2796 3288 incidunt
2776 3246 2845 3289 m

241 3329 407 3413 ipsas
436 3328 845 3395 luminarium
872 3332 1175 3418 syzygias,
1224 3330 1337 3395 sed
1380 3342 1526 3395 sunt
1570 3330 1736 3395 tertii
1778 3352 1817 3393 a
1859 3330 2124 3415 syzygiis
2169 3340 2239 3392 ut
2282 3328 2519 3391 dictum
2548 3328 2734 3407 fuit,
2732 3354 2844 3395 seu

237 3438 532 3522 proxime
563 3453 909 3525 sequuntur
936 3442 1192 3505 tertium
1224 3441 1427 3505 Lunae
1453 3452 1601 3524 post
1628 3441 1909 3527 syzygias
1955 3440 2288 3524 appulsum
2316 3438 2396 3502 ad
2425 3440 2839 3504 meridianum

238 3544 381 3623 loci,
432 3546 536 3609 vel
563 3547 773 3632 potius
828 3552 926 3632 (ut
953 3572 991 3611 a
1024 3549 1303 3611 Sturmio
1330 3547 1609 3626 notatur)
1658 3558 1804 3609 sunt
1833 3546 2000 3609 tertii
2029 3557 2174 3629 post
2202 3545 2368 3608 diem
2410 3545 2710 3608 novilunii
2741 3547 2840 3611 vel

235 3654 592 3739 plenilunii,
626 3656 738 3720 sed
764 3670 910 3742 post
936 3658 1160 3721 horam
1203 3681 1243 3721 a
1282 3656 1605 3721 novilunio
1634 3656 1735 3719 vel
1764 3656 2108 3739 plenilunio
2135 3655 2278 3739 plus
2306 3654 2510 3718 minus
2539 3655 2838 3719 duodeci-

233 3787 449 3841 mam,
477 3764 747 3852 ideoque
774 3765 1061 3831 incidunt
1106 3766 1173 3831 in
1221 3766 1444 3831 horam
1491 3790 1529 3830 a
1577 3766 1901 3830 novilunio
1929 3766 2029 3830 vel
2055 3766 2403 3849 plenilunio
2444 3764 2586 3850 plus
2630 3767 2836 3829 minus
2861 3756 2882 3775 ⁶

235 3875 781 3963 quadragesimam
824 3877 1089 3941 tertiam.
1180 3874 1478 3943 Incidunt
1506 3876 1657 3941 verb
1686 3878 1752 3941 in
1782 3877 1905 3941 hoc
1933 3889 2122 3961 portu
2148 3877 2214 3940 in
2244 3877 2466 3940 horam
2510 3876 2836 3960 septimam

233 3982 484 4073 circiter
514 3985 595 4048 ab
624 3986 893 4070 appulsu
917 3986 1121 4051 Lunae
1150 3988 1234 4051 ad
1262 3988 1677 4052 meridianum
1692 3987 1854 4064 loci3
1887 3988 2154 4074 ideoque
2175 3986 2461 4072 proxime
2492 3999 2835 4072 sequuntur

227 4093 567 4176 appulsum
600 4092 802 4156 Lunae
846 4093 928 4157 ad
968 4092 1403 4172 meridianum,
1450 4094 1563 4159 ubi
1609 4094 1796 4159 Luna
1826 4094 2014 4159 distat
2055 4117 2094 4158 a
2142 4094 2289 4159 Sole
2334 4095 2433 4159 vel
2462 4094 2542 4157 ab
2574 4094 2832 4178 opposi-

227 4202 400 4265 tione
424 4202 589 4267 Solis
608 4201 908 4289 gradibus
928 4203 1071 4287 plus
1094 4205 1301 4267 minus
1321 4205 1671 4269 octodecim
1692 4205 1793 4269 vel
1811 4205 2240 4269 novemdecim
2270 4206 2336 4267 in
2369 4201 2827 4290 consequentia.

228 4308 448 4373 AEstas
481 4321 545 4373 et
571 4310 789 4395 hyems
816 4309 1089 4374 maxime
1124 4312 1355 4398 vigent,
1400 4334 1531 4375 non
1558 4311 1626 4375 in
1657 4313 1807 4396 ipsis
1839 4312 2131 4389 solstitiiS,
2180 4311 2290 4375 sed
2331 4312 2442 4375 ubi
2490 4311 2599 4377 Sol
2643 4310 2830 4373 distat

226 4440 265 4480 a
292 4414 577 4479 solstitiis
610 4415 851 4479 decima
897 4416 1142 4481 circiter
1167 4406 1348 4501 parte
1391 4418 1579 4483 totius
1610 4418 1921 4496 circuitus»,
1971 4442 2078 4481 seu
2109 4417 2408 4505 gradibus
2436 4416 2578 4502 plus
2619 4416 2826 4480 minus

228 4532 309 4589 36
341 4522 446 4586 vel
479 4529 582 4589 37.
674 4522 762 4585 Et
792 4522 1073 4642 similiter
1101 4525 1411 4587 maximus
1441 4536 1630 4589 aestus
1660 4524 1850 4589 maris
1881 4525 2078 4588 oritur
2105 4524 2186 4588 ab
2216 4522 2482 4609 appulsu
2513 4523 2716 4587 Lunae
2743 4522 2826 4587 ad

285 4714 353 4779 (θ’
336 4714 355 4751 ἲ
398 4719 429 4747 0
467 4716 547 4763 Vis
568 4718 729 4765 Lunoe
759 4720 823 4765 ad
852 4734 957 4765 mar
956 4734 982 4765 e
1013 4721 1307 4767 mouendum.
1380 4717 1732 4765 Vid.nou11ii
1766 4727 1816 4767 et
1855 4718 1996 4779 Prop.
2045 4718 2142 4765 IX.
2183 4718 2234 4765 in
2276 4716 2616 4767 Dissertatione
2648 4714 2819 4765 clariss.

226 4780 466 4841 Cap.V1
488 4784 723 4829 num.10.
752 4782 805 4829 in
828 4782 1165 4831 Dissertatione
1186 4782 1360 4831 clariss·
1380 4783 1497 4831 Ber-
1566 4780 1871 4831 Madaurini.

1475 4866 1584 4917 ΗΒ

1387 4972 1419 5007 ο
