3384 5509
484 423 567 481 96
1091 410 1774 477 PHILOSOPHIAE
1823 408 2368 477 NATURALIS
2411 410 2558 490 [Ds
2589 410 3051 477 Munnsifs‘r.

482 588 725 652 circiter
754 586 1050 665 ascendit,
1081 586 1149 647 in
1178 585 1313 649 aliis
1341 585 1495 648 locis
1523 584 1860 673 aequationi
1887 583 2086 647 centri
2117 584 2283 648 Solis
2310 584 2794 669 proportionalis
2825 596 2960 662 est-3
2991 597 3063 649 et

482 696 736 761 additur
764 695 974 760 med-io
1016 695 1215 758 motui
1247 694 1451 757 Lunae
1481 694 1591 757 ubi
1620 694 1832 757 Terra
1855 694 2063 780 pergit
2108 694 2188 757 ab
2209 706 2222 723 ·
2235 694 2484 778 aphelio
2528 705 2642 758 suo
2685 695 2768 758 ad
2816 694 3065 779 perihe-

482 806 661 881 lium,
714 814 777 866 et
804 779 887 865 'in
936 799 1225 885 opposita
1256 800 1427 865 orbis
1456 811 1637 883 parte
1666 800 2054 867 subducitur.
2143 800 2544 864 Assumendo
2593 801 2842 865 radium
2891 801 3060 866 orbis

485 911 699 999 magni
731 919 897 987 1000
926 920 990 973 et
1018 907 1541 973 eccentricitatem
1572 907 1794 970 Terrae
1827 916 1855 969 1
1868 910 1968 987 δέ,
2025 905 2090 992 (¹)
2141 905 2280 970 haec
2309 908 2600 993 aequatio,
2653 908 2764 972 ubi
2791 908 3064 973 maxima

487 1029 603 1095 est,
651 1038 765 1100 per
812 1014 1117 1082 theoriam
1158 1014 1479 1101 gravitatis
1522 1012 1758 1097 prodiit
1813 1022 1840 1077 1
1856 1014 1929 1077 l'.
1977 1014 2117 1078 49⁰.
2210 1014 2336 1077 Sed
2389 1014 2812 1079 eccentricitas
2844 1015 3066 1081 Ten-ae

487 1126 677 1211 paulo
704 1126 904 1209 major
930 1146 1067 1187 esse
1094 1124 1362 1200 videtur,
1396 1136 1459 1188 et
1486 1122 1667 1187 auctfi
1697 1124 2152 1189 eccentricitate
2173 1121 2312 1187 hae'c
2339 1125 2611 1209 aequatio
2633 1127 2850 1212 augeri
2877 1126 3069 1190 debet

487 1236 552 1297 in
584 1234 803 1299 eadem
834 1235 1092 1298 ratione.
1156 1234 1251 1299 Sit
1279 1233 1706 1300 eccentricitas
1742 1236 1920 1315 lest,
1953 1244 2017 1297 et
2044 1233 2314 1319 aequatio
2335 1234 2609 1297 maxima
2637 1235 2756 1299 erit
2780 1244 2808 1297 1
2823 1236 2900 1299 1'.
2925 1236 3068 1301 51⁰.

578 1342 671 1425 (ω)
722 1340 941 1404 Inveni
970 1340 1157 1405 etiam
1188 1339 1358 1425 quod
1385 1339 1451 1401 in
1480 1338 1784 1422 perihelio
1817 1338 2056 1416 Terrae,
2101 1350 2363 1423 propter
2389 1340 2691 1423 majorem
2719 1340 2848 1403 vim
2881 1342 3065 1419 Solis,

402 1516 406 1521 ,
490 1469 822 1536 apogaeum
852 1449 1097 1513 etinodi
1128 1448 1331 1512 Luuae
1360 1450 1630 1513 velocius
1658 1461 1986 1512 moventur
2017 1448 2201 1535 quam
2233 1450 2298 1512 in
2319 1450 2576 1533 aphelio
2597 1452 2750 1535 ejuS‚
2779 1451 2974 1535 idque
2999 1452 3078 1517 in‘

492 1554 798 1639 triplicata
846 1554 1085 1618 ratione
1114 1554 1423 1617 distantiae
1454 1555 1675 1620 Terrae
1705 1579 1743 1617 a
1776 1556 1921 1619 Sole
1970 1553 2232 1618 inverse.
2325 1556 2403 1640 (¹²)
2451 1556 2537 1619 Et
2587 1556 2734 1619 inde
2780 1557 3071 1621 oriuntur

492 1660 877 1747 aequationes
906 1682 1131 1724 annuae
1160 1659 1389 1724 horum
1433 1673 1720 1725 motuum
1763 1661 2098 1748 aequationi
2127 1661 2322 1725 centri
2359 1662 2521 1727 Solis
2547 1663 3066 1747 proportionales·

493 1898 615 1943 hanc
649 1892 953 1957 aequationem
978 1893 1057 1943 ubi
1078 1895 1283 1944 maxima
1314 1907 1385 1945 est
1418 1897 1477 1949 9'·
1504 1899 1605 1947 44''.
1651 1900 1750 1947 effi·
1814 1900 1891 1957 rit,
1927 1900 2014 1948 erit
2033 1909 2193 1949 motus
2213 1900 2392 1965 apogaei
2423 1900 2475 1949 in
2504 1902 2668 1964 quavis
2686 1900 2923 1961 distantia,
2958 1920 2990 1967 g
3007 1908 3072 1969 ss

495 1974 611 2006 πῖθ’
1815 1970 2681 2069 {ffigetmotusnodinssff-{m

562 2047 622 2131 Q)
661 2050 780 2095 Haee
815 2050 1013 2109 aequatio
1034 2050 1331 2097 ubimaima
1366 2060 1431 2099 est
1459 2054 1629 2111 prodiit
1665 2052 1752 2099 11'·
1839 2058 1870 2089 8
1952 2036 1978 2075 ’·
2550 2062 2582 2095 ⁸

496 2111 573 2160 49'
586 2145 600 2159 .
666 2109 864 2169 Sumpta
909 2108 1061 2163 orbita
1106 2110 1261 2159 lunari
1302 2123 1359 2159 ut
1400 2114 1629 2171 circulari,
1672 2130 1758 2175 per

496 2174 723 2223 theoriam
744 2174 981 2235 gravitatis
1002 2174 1175 2233 prodiit
1212 2176 1300 2222 11¹.
1324 2178 1427 2225 47⁰.
1464 2178 1563 2225 imo
1582 2179 1750 2236 minor,

498 2239 593 2285 sive
619 2238 880 2284 Newtonus
900 2237 991 2285 alia
1013 2235 1087 2283 via
1108 2253 1220 2286 eum
1251 2240 1485 2289 calculum
1507 2242 1757 2291 instituerit

498 2300 643 2363 quam
662 2316 761 2356 nos,
786 2301 881 2347 sive
901 2301 993 2348 alia
1008 2300 1239 2351 elementa
1254 2307 1567 2365 assumpserit,
1588 2306 1683 2353 sive
1699 2322 1757 2355 ex

500 2364 845 2413 excentricitate
868 2364 1027 2411 orbitae
1049 2365 1227 2412 lunaris
1254 2368 1619 2417 consideratione
1638 2372 1759 2419 banc

499 2428 806 2539 quaaffiitatem
842 2428 1041 2485 auxerit,
1086 2439 1252 2477 caetera
1296 2430 1404 2479 verd
1426 2432 1503 2481 ad
1534 2434 1759 2481 amussim

502 2508 566 2555 qu
652 2502 749 2537 ant.

566 2576 695 2623 Eam
736 2577 1045 2637 aequationem·
1087 2580 1420 2628 excentricitati
1461 2584 1619 2629 Terrae
1662 2596 1762 2631 esse

500 2640 897 2700 proportionatam
938 2654 997 2687 ex
1034 2643 1145 2690 Cor·
1174 2649 1214 2690 1.
1262 2646 1403 2693 Prob.
1447 2647 1507 2693 V.
1547 2662 1652 2709 pag.
1680 2650 1760 2705 72,

502 2704 659 2764 prodit
678 2703 805 2749 enim
838 2704 939 2763 ejus
960 2705 1089 2751 valor
1108 2722 1191 2767 per
1210 2711 1490 2769 quantitates
1510 2711 1627 2757 fixas
1646 2712 1762 2758 duc-

502 2768 647 2815 tasin
667 2767 1058 2815 excentricitatem
1080 2785 1187 2831 quoe
1224 2773 1275 2819 in
1314 2774 1493 2821 calculo
1524 2774 1764 2822 dicebatur

506 2858 566 2900 e;
599 2853 647 2888 et
668 2843 877 2903 quamvis
899 2844 1131 2903 quantitas
1150 2850 1183 2893 b
1234 2864 1309 2895 uae
1330 2859 1398 2897 est
1423 2838 1763 2913 ΜΠ

1885 2148 1957 2211 (¹¹)
1977 2154 1982 2159 '
2000 2153 2026 2179 ¹*
2065 2152 2132 2197 Et
2167 2153 2274 2197 inde
2306 2153 2528 2199 oriuntur
2562 2154 2842 2213 ‹equationes
2877 2168 3070 2207 annm,

1820 2215 2068 2275 aquationi
2087 2218 2234 2261 ceum·
2255 2216 2364 2263 Solis
2380 2218 2748 2277 proportionales.
2823 2214 2952 2264 cum
2971 2232 3074 2261 mo-

1803 2283 1898 2321 ·tus
1918 2277 2097 2339 apogaei
2115 2277 2269 2323 Lunae
2289 2288 2338 2325 et
2358 2278 2469 2325 nodi
2491 2278 2738 2325 uniformis
2759 2294 2856 2345 non
2879 2281 2940 2325 sit
2961 2276 3074 2347 cum

1823 2339 1968 2385 Terra
1989 2340 2050 2387 ad
2071 2342 2215 2387 varias
2236 2358 2263 2387 a
2291 2343 2398 2389 Sole
2419 2342 2658 2389 distantias
2677 2343 2966 2397 transfertur,
2992 2344 3075 2389 sed

1823 2402 2020 2450 addatur
2050 2414 2133 2451 aut
2169 2405 2434 2453 detrahatur
2471 2421 2528 2452 ex
2567 2420 2729 2453 eorum
2749 2416 2885 2453 motu
2917 2406 3074 2453 medio

1821 2504 2054 2567 quantitas
2071 2507 2306 2555 variabilis
2321 2475 2404 2596 {3-
2423 2524 2470 2571 g,
2493 2518 2541 2556 et
2549 2476 2638 2595 ¹2⁹?-
2676 2524 2724 2563 n,
2761 2508 2802 2555 si
2839 2518 3076 2571 quaeratur

1823 2623 2089 2669 progressus
2105 2612 2283 2672 apogaei
2308 2613 2463 2661 Lunae
2483 2622 2567 2661 aut
2586 2610 2697 2660 nodi
2718 2610 2826 2657 cum
2850 2611 2996 2657 Terra
3015 2612 3077 2657 ab

1822 2672 2006 2731 aphelio
2031 2673 2152 2719 Solis
2172 2676 2295 2721 certa
2316 2676 2571 2737 quantitate
2597 2675 2778 2721 dierum
2801 2675 3074 2731 discesserit,

1823 2736 1864 2781 is
1885 2750 2152 2809 progressus
2187 2752 2245 2783 ex
2283 2749 2417 2787 motu
2437 2739 2594 2815 medio
2614 2739 2792 2814 apogJei
2817 2738 2973 2812 Lunae
2993 2748 3078 2813 aut

1823 2798 1933 2845 nodi
1971 2800 2094 2847 rect&
2129 2811 2226 2847 non
2263 2808 2620 2863 computabitur,
2663 2817 2837 2865 quippe
2879 2802 3077 2885 singulis

2918 2884 2949 2911 o
2967 2880 2997 2911 x

508 2906 557 2953 in
578 2922 634 2952 eo
656 2906 809 2952 valore
822 2918 1049 2964 occurrat,
1072 2908 1247 2959 idcirco
1270 2928 1365 2960 non
1387 2926 1457 2961 est
1477 2915 1765 2973 censendum

506 2969 781 3031 oequationis
803 2968 1005 3017 valorem
1026 2974 1233 3021 muitum
1254 2976 1456 3037 pendere
1476 2994 1533 3024 ex
1556 2979 1637 3026 illa
1657 2979 1766 3043 dig-

507 3033 653 3079 nit-ate
686 3048 713 3080 e
734 3036 759 3061 ²
794 3033 1023 3095 siquidem
1060 3036 1113 3083 in
1146 3038 1230 3085 illo
1266 3041 1465 3088 termino
1486 3057 1543 3089 ea
1562 3042 1766 3106 dignitas

507 3094 606 3143 fere
628 3097 859 3144 evanescit
879 3108 1091 3157 respectu
1111 3116 1141 3147 a
1160 3104 1201 3145 2.

1332 3164 1343 3184 Ι
1502 3177 1507 3183 .

573 3182 749 3243 Liquet
769 3182 909 3229 etiam
928 3198 991 3231 ex
1020 3186 1126 3237 Cor.
1148 3193 1195 3237 2.
1221 3189 1368 3251 ejusd.
1390 3191 1547 3240 Probl.
1576 3202 1768 3241 emeras

510 3245 793 3306 aequauones
827 3262 927 3293 esse
947 3250 1315 3307 proportionatas
1348 3255 1599 3315 aequationi
1620 3257 1768 3306 centri

513 3309 662 3355 Solis:
702 3307 938 3357 addendas
976 3326 1075 3359 esse
1108 3317 1257 3363 motui
1283 3318 1438 3365 Luuae
1475 3318 1593 3365 dum
1614 3321 1769 3385 pergit

510 3375 569 3420 ab
590 3372 774 3432 aphelio
796 3372 857 3419 ad
878 3374 1171 3433 pamelium,
1193 3379 1293 3427 illic
1308 3382 1433 3427 enim
1450 3384 1647 3432 tardatio
1659 3400 1768 3431 vera

510 3436 667 3483 minor
688 3445 759 3483 est
777 3426 921 3497 qt‘uim
944 3440 1142 3487 tardatio
1162 3443 1423 3507 mediocris,
1446 3462 1558 3509 ergo
1578 3464 1768 3508 provec-

511 3499 603 3546 tior
624 3509 693 3546 est
716 3499 858 3547 Luna
878 3500 1021 3561 quam
1042 3506 1321 3553 secundum·
1338 3510 1644 3559 tardationem
1668 3527 1768 3561 me-

512 3562 733 3619 diocrem,
756 3562 863 3609 addi
884 3579 995 3627 ergo
1008 3566 1145 3614 debet
1161 3568 1263 3632 ejus
1282 3572 1369 3619 viae
1389 3573 1475 3620 iste
1496 3574 1770 3623 tardationis

512 3626 753 3685 defectus3
800 3642 856 3673 ex
897 3629 1123 3687 perihelio
1160 3630 1398 3697 pergendo
1439 3652 1513 3685 res
1555 3639 1770 3701 opposita

517 3690 695 3736 ratione
717 3690 946 3750 procedet.
1030 3749 1035 3756 ι

578 3776 661 3840 (¹¹⁸)
708 3780 733 3807 ⁸
774 3780 941 3827 Inveni
970 3784 1125 3839 etiam,
1160 3784 1248 3832 διο.
1317 3785 1379 3833 Id
1414 3787 1576 3849 utique
1608 3791 1771 3838 statuit

520 3841 626 3888 Cor.
660 3846 731 3887 14.
780 3841 921 3902 Prop·
951 3843 1151 3894 LXVI.
1191 3848 1299 3895 Lib.
1338 3850 1401 3907 L,
1437 3852 1535 3899 illic
1567 3855 1772 3902 ostendit

514 3906 632 3950 vires
658 3904 777 3951 Solis
799 3920 897 3952 esse
927 3915 983 3954 ut
1013 3910 1158 3957 cubos
1178 3910 1499 3961 distantiarum
1520 3917 1767 3977 reciproce,

514 3968 641 4013 unde
662 3967 775 4015 cum
811 3969 905 4015 sint
924 3986 1077 4019 causae
1112 3989 1321 4023 errorum
1353 3980 1533 4041 apogaei
1554 3990 1601 4027 et
1623 3984 1768 4029 nodo·

512 4046 635 4087 rum,
669 4032 741 4077 illi
763 4046 936 4081 errores
957 4036 1053 4085 sive
1072 4048 1229 4086 motus
1248 4042 1330 4101 qui
1358 4042 1453 4089 suis
1490 4046 1639 4093 causis
1659 4056 1771 4094 sunt

513 4096 894 4153 proportionales„
928 4098 1098 4148 debent
1118 4118 1216 4151 esse
1237 4116 1293 4153 ut
1314 4107 1421 4154 cubi
1444 4106 1768 4157 distantiarum

512 4158 775 4219 reciproce;
820 4160 929 4209 hinc
972 4163 1154 4212 dicatur
1194 4183 1225 4213 a
1264 4170 1511 4219 mediocris
1551 4172 1770 4222 distantia

517 4222 673 4269 Terrae
714 4240 743 4270 a
789 4223 912 4281 Sole,
968 4227 1188 4278 distantia
1227 4233 1403 4294 quaevis
1456 4234 1547 4282 alia
1587 4237 1770 4285 dicatur

512 4301 542 4331 a
564 4286 622 4345 1-
646 4302 693 4343 x,
716 4297 875 4335 motus
894 4291 1079 4339 medius
1099 4293 1301 4343 diurnus
1320 4299 1500 4362 apogaei
1521 4300 1573 4347 in
1593 4300 1768 4349 distan-

512 4347 579 4395 tia
616 4366 645 4396 a
681 4351 741 4397 sit
773 4366 821 4413 g,
860 4364 1017 4402 motus
1036 4356 1222 4406 medius
1243 4360 1355 4408 nodi
1392 4362 1444 4409 in
1474 4361 1533 4410 ed
1552 4364 1769 4413 distantia

513 4428 543 4458 a
584 4412 645 4459 sit
687 4430 735 4471 n,
778 4416 831 4461 in
874 4416 1093 4467 distantia
1135 4438 1181 4481 x,
1237 4436 1395 4473 motus
1446 4429 1628 4491 apogaei
1680 4430 1769 4477 erit

518 4480 709 4589 ..-f—³7·
732 4532 767 4579 g
786 4527 833 4566 et
852 4530 1007 4572 motus
1028 4525 1144 4573 nodi
1160 4528 1247 4576 erit
1319 4494 1405 4633 ζ’,
1447 4573 1470 4605 3

1267 4599 1297 4629 a
1393 4600 1426 4631 x

1501 4546 1537 4577 n
1568 4543 1651 4581 sut
1669 4536 1766 4586 for-

513 4570 665 4615 a÷x

512 4615 686 4707 nia—rideo>
706 4635 873 4685 seriem
894 4656 950 4686 ex
974 4642 1047 4689 his
1068 4644 1384 4705 quotientibus
1404 4659 1451 4695 et
1472 4652 1650 4699 omissis
1676 4664 1766 4704 ter-

510 4710 651 4743 minis
664 4713 712 4743 in
726 4701 897 4761 quibus
914 4704 1049 4752 altior
1064 4708 1267 4773 dignitas
1278 4712 1545 4773 quantitatis
1559 4732 1589 4765 x
1600 4732 1763 4767 occur-

1823 2900 1988 2951 diebus
2007 2911 2174 2964 praeter
2193 2894 2376 2955 motu'm
2401 2906 2611 2955 medium
2631 2906 2886 2970 quantitate
2917 2932 2991 2991 ῖ-
3024 2920 3073 2968 g,

1823 3012 1904 3053 51

1825 3071 1907 3132 -ἆ-
1926 3062 1958 3093 n
1981 3060 2302 3108 processerunt
2321 3061 2404 3100 aut
2423 3059 2725 3112 recesserunt,
2759 3062 2951 3097 summa.
2965 3063 3078 3113 ergo

1824 3150 2036 3201 omnium
2059 3151 2225 3201 harum
2245 3154 2556 3214 quantitatum
2585 3154 2674 3203 erit
2691 3152 2933 3208 sumenda,
2969 3166 3078 3213 que

1825 3214 2280 3267 eruntcorrectionoe
2299 3233 2384 3264 seu
2405 3219 2686 3281 aequationes
2699 3218 2872 3279 quibus
2894 3231 2952 3263 ex
2973 3215 3077 3261 loco

1825 3276 1983 3324 medio
2003 3278 2183 3341 apogaei
2205 3289 2252 3326 et
2272 3280 2384 3327 nodi
2417 3282 2480 3329 ad
2512 3278 2674 3329 v'erum
2695 3282 2796 3347 ejus
2817 3280 2975 3327 locum
2996 3280 3077 3329 de·

1825 3341 2080 3397 veniemus,
2129 3342 2224 3389 111ae
2263 3342 2374 3392 νει-ὂ
2417 3346 2698 3407 aquationes
2741 3343 3078 3407 aequationibus

1826 3404 1972 3451 centri
1991 3406 2111 3451 Solis
2125 3416 2263 3454 erunt
2272 3410 2650 3473 proportionales,
2668 3425 2778 3457 nam
2795 3408 2908 3455 cum
2923 3416 3079 3457 motus

1831 3468 1952 3515 Solis
1964 3468 2027 3515 sit
2045 3468 2095 3515 in
2117 3470 2353 3530 duplicata
2367 3473 2545 3520 ratione
2561 3473 2788 3521 distantiae
2805 3470 2984 3517 inverse
3005 3473 3079 3533 (ut

1827 3542 2084 3592 exponetur
2121 3532 2171 3579 in
2209 3535 2320 3581 nota
2343 3536 2410 3601 (θ)
2433 3536 2642 3597 proxime
2662 3536 2896 3598 sequenti)
2936 3536 2995 3582 sit
3027 3550 3076 3579 m

1827 3605 1985 3643 motus
2004 3595 2188 3643 medius
2199 3598 2396 3646 diurnus
2415 3601 2535 3648 Solis
2553 3602 2605 3648 in
2625 3601 2848 3649 mediocri
2863 3596 3080 3646 distantiis

1829 3672 1876 3713 ao
1917 3659 1970 3710 in
2011 3659 2230 3711 distantia
2269 3664 2431 3726 quavis
2471 3681 2502 3713 a
2541 3667 2602 3727 ,4-
2639 3680 2672 3713 x
2711 3665 2754 3711 is
2794 3673 2952 3713 motus
2993 3663 3080 3710 erit

1911 3739 1940 3769 a

1828 3816 1976 3877 assx
1997 3802 2024 3831 ²

1827 3920 2111 3981 pressionem
2128 3924 2215 3971 erit
2234 3939 2285 3971 m
2307 3928 2368 3991 ’.ζ
2381 3892 2460 4013 {3
2479 3940 2542 3984 m,
2561 3926 2672 3976 hinc
2687 3928 3104 3993 differentiainter⁸

1828 4070 2014 4109 motum
2033 4063 2245 4113 medium
2267 4074 2313 4112 et
2333 4081 2496 4115 verum
2517 4056 2695 4131 erit-Jss
2715 4037 2794 4107 Ξὲ
2831 4086 2897 4129 m,
2937 4080 2984 4117 et
3021 4086 3082 4119 ex

1827 4163 2012 4212 summa
2033 4180 2192 4213 earum
2205 4167 2570 4217 differentiarum
2585 4128 2911 4221 conflabuntur
2923 4188 3082 4235 aequa-

1827 4228 1978 4275 tiones
1997 4232 2143 4277 centri
2163 4231 2309 4291 Solis3
2331 4232 2444 4281 cum
2464 4250 2578 4301 ergo
2599 4240 2882 4300 aequationes
2901 4238 3084 4301 apogaei

1826 4363 1874 4401 et
1896 4355 2050 4404 Lunae
2071 4372 2130 4405 ex
2151 4359 2337 4407 summa
2357 4363 2670 4425 quantitatum
2697 4366 2760 4427 ss
2781 4332 2864 4403 ·-3—1
2877 4382 2926 4429 g,
2941 4333 3021 4401 ἐξ
3048 4380 3084 4411 n

1825 4478 2052 4525 constent,
2076 4480 2216 4519 erunt
2235 4472 2337 4520 istae
2352 4478 2635 4538 aequationes
2655 4478 2804 4525 ubivis
2824 4479 2874 4525 in
2895 4477 3086 4539 punctis

1825 4532 2286 4592 correspondentibus
2319 4554 2402 4585 seu
2435 4540 2486 4587 in
2517 4542 2774 4603 aequalibus
2805 4546 2865 4591 ab
2896 4542 3086 4605 aphelio

1829 4594 1987 4641 Terroe
2007 4596 2236 4646 distantiis
2256 4600 2308 4646 in
2329 4604 2505 4652 ratione
2527 4607 2754 4654 constanti
2779 4614 2808 4655 3
2829 4624 2879 4669 g,
2915 4617 2964 4653 et
2995 4612 3024 4652 8
3050 4621 3086 4651 n

1825 4659 1886 4704 ad
1919 4666 1950 4705 2
1973 4674 2046 4709 m:
2093 4662 2294 4725 idedque
2337 4678 2476 4715 erunt.
2509 4670 2680 4734 ubique
2717 4672 3086 4733 proportionales

1825 4723 2162 4785 aequationibus
2175 4730 2326 4789 centri
2350 4732 2484 4780 Solis·
2723 4746 2725 4749 ⁴

2060 3779 2125 3822 m,
2161 3780 2246 3815 seu
2282 3766 2334 3813 in
2366 3767 2532 3817 seriem
2553 3768 2824 3817 resolvendo
2843 3770 2964 3816 hanc
2995 3782 3080 3815 ex-
