3384 5509
335 434 562 502 Lmen
581 391 943 520 'remma-j
969 423 1486 527 ,ΡΒΙΝο1Ρ1Λ
1533 425 2281 499 ΜΑΤΗΕΜΑΤΙΟΑ.
2805 438 2949 495 199-

337 611 580 679 circum
611 635 762 676 axes
793 631 960 687 su05,
996 631 1138 696 quae
1169 617 1314 674 'cum
1341 610 1618 674 motibus
1650 609 2329 695 vorticum‘congruere
2348 601 2669 683 deberent,
2696 603 2775 668 ab
2798 599 2935 666 0111-

331 721 518 784 nibus
541 720 736 783 ‘hisce
777 717 1291 803 proportionibus
1335 715 1712 800 discrepant.
1806 715 2029 787 Motus
2074 725 2459 779 cometarum
2504 723 2653 776 sunt
2690 711 2932 774 summe

331 828 674 914 regulareS,
709 833 795 904 fet
843 827 1100 905 'easdem
1148 826 1320 912 leges
1372 847 1513 888 cum
1562 817 1959 908 planetarum
2004 822 2279 915 motibus
2316 821 2670 896 observant,
2714 830 2778 882 et
2813 841 2930 902 per

332 935 606 1000 vortices
639 935 942 1020 explicari
981 945 1321 1020 nequeunt.
1415 934 1731 997 Feruntur
1761 939 2021 996 cometae
2048 931 2321 995 motibus
2348 927 2531 993 valde
2556 927 2933 991 ·eccentricis

334 1047 402 1107 in
431 1049 654 1109 omnes
684 1044 989 1109 coelorum
1016 1056 1250 1129 parte&
1284 1044 1454 1130 quod
1483 1043 1791 1108 fieri·non
1819 1054 2047 1128 potest,
2078 1041 2203 1106 ni'si
2231 1042 2495 1104 vortices
2524 1039 2843 1103 tollantur.

422 1155 800 1240 Projectilia,
847 1155 915 1218 in
958 1157 1103 1218 ae‘re
1131 1165 1370 1230 nostre,
1419 1153 1617 1216 solam
1659 1153 1817 1216 a‘eris
1839 1144 2263 1216 'resistentiam
2292 1136 2586 1214 sentiunt.
2674 1149 2934 1214 Sublato

331 1264 498 1339 aere,
545 1274 618 1326 ut
659 1263 735 1326 fit
775 1260 845 1325 in
871 1283 1073 1326 vacuo
1106 1261 1438 1346 BoylianO,
1487 1259 1841 1322 resistentia
1882 1270 2099 1336 cessat,
2148 1257 2453 1342 siquidem
2481 1256 2699 1340 pluma
2726 1256 2931 1319 tenuis

333 1381 400 1434 et
427 1391 654 1433 aurum
683 1368 955 1434 solidum
985 1367 1212 1454 aequali
1242 1389 1386 1430 cum
1415 1366 1741 1431 velocitate
1769 1365 1989 1454 inlhoc
2016 1387 2214 1428 vacuo
2244 1365 2498 1429 cadunt.
2588 1365 2675 1428 Et
2701 1387 2817 1449 par
2840 1379 2935 1428 est

331 1479 492 1543 ratio
537 1479 886 1564 spatiorum
929 1479 1293 1556 coelestin-111,
1340 1499 1482 1564 quae
1513 1489 1661 1544 sunt
1691 1476 1881 1563 supi-e
1914 1477 2398 1562 atmosphaeram
2437 1475 2677 1542 Terrae.
2771 1478 2933 1542 Cor-

333 1573 492 1673 pora
523 1589 737 1654 omnia
763 1590 832 1652 in
858 1589 994 1654 istis
1025 1588 1238 1673 spatiis
1281 1586 1600 1652 liberrime
1626 1589 1867 1652 moveri
1896 1588 2167 1664 debent3
2214 1601 2275 1650 et
2301 1602 2635 1673 propterea
2662 1589 2933 1673 planetae

338 1708 403 1760 et
433 1707 696 1760 cometae
725 1697 806 1760 in·
821 1697 1082 1760 orbibus
1101 1696 1318 1781 'specie
1349 1707 1412 1759 et
1438 1695 1752 1780 positione
1772 1695 1935 1758 datis
1958 1694 2303 1762 secundum
2330 1694 2500 1781 leges
2529 1693 2717 1779 supi-e
2738 1717 2935 1780 expo·-

331 1798 482 1871 sita's
525 1805 834 1892 perpetue
875 1806 1132 1870 revolvi.
1225 1805 1729 1870 Perseverabunt
1757 1805 2075 1892 quidem
2056 1827 2123 1868 111
2154 1805 2411 1869 orbibus
2442 1805 2571 1869 suis
2599 1827 2717 1891 per
2734 1802 2930 1892 leges

333 1913 677 1999 gravitati&
710 1911 824 1975 sed
845 1912 1207 1998 regularem
1235 1912 1483 1991 orbium
1507 1911 1697 1975 situm
1722 1909 2015 1997 primitus
2047 1911 2371 1998 acquirere
2395 1932 2513 2038 per
2541 1911 2710 2022 leges
2740 1911 2929 1976 hasce

333 2021 593 2086 minime
623 2026 986 2106 potuerunt.
1376 2061 1383 2068 ·
2474 2041 2477 2048 ·
2910 2015 2933 2059 '⁶

425 2131 704 2196 Planetae
736 2155 848 2197 sex
876 2133 1252 2219 principales
1283 2133 1690 2200 revolvuntur
1718 2132 1957 2198 circum
1990 2132 2202 2196 Solem
2242 2131 2307 2194 in
2337 2091 2583 2194 circulis
2622 2130 2755 2196 Soli
2784 2150 2935 2194 con-

336 2239 644 2316 centriciS‚
677 2239 900 2306 eadem
927 2241 1136 2306 motus
1167 2241 1580 2318 directione,
1561 2263 1628 2303 m
1659 2237 1886 2304 eodem
1914 2239 2106 2323 plano
2137 2237 2633 2324 quamproxime.
2725 2237 2931 2302 Lunae

335 2344 553 2409 decem
597 2329 1006 2412 revolvuntur
1047 2335 1286 2412 circum
1329 2348 1620 2424 Terram,
1667 2347 1711 2411 J
1712 2369 1893 2410 ovem
1924 2359 1986 2410 et
2020 2347 2363 2410 Saturnum
2404 2327 2482 2408 in*
2502 2345 2749 2408 circulis
2782 2367 2937 2408 con-

336 2454 646 2533 centriciS,
697 2455 920 2532 eedem
969 2447 1185 2522 motfis'
1227 2456 1591 2534 directione,
1637 2455 1705 2518 in
1748 2454 1954 2540 planis
1996 2455 2245 2518 orbium
2286 2454 2683 2538 planetarum
2714 2475 2949 2538 quam-v

277 2651 283 2658 ,
339 2563 650 2648 proxime.
763 2567 859 2651 (ἓ)
901 2567 989 2630 Et
1027 2567 1097 2630 hi
1139 2577 1356 2630 omnes
1405 2555 1614 2630 motus
1664 2565 1986 2652 regulares
2038 2561 2346 2650 originem
2390 2585 2521 2626 non
2568 2561 2805 2630 habent
2852 2583 2937 2626 ex

336 2675 538 2739 causis
582 2673 997 2752 mechanicis3
1045 2675 1372 2760 'siquidem
1415 2684 1679 2738 ‘cometae
1722 2674 1791 2736 in
1835 2673 2091 2736 orbibus
2128 2671 2319 2735 'valde
2356 2659 2743 2748 eccentriciS,
2776 2683 2840 2734 et
2868 2651 2937 2734 in

336 2776 554 2848 omnes
600 2767 906 2849 coelorum
945 2789 1158 2868 'partes
1200 2783 1395 2848 libere
1439 2783 1745 2847 feruntur.
1838 2780 1989 2855 Quo
2016 2779 2225 2844 motus
2254 2802 2487 2867 genere
2518 2787 2779 2844 cometae
2822 2797 2940 2862 per

335 2892 521 2955 orbes
564 2892 962 2976 planetarum
1003 2892 1326 2956 celerrime
1371 2903 1434 2956 et
1447 2887 1755 2956 'facillime
1786 2901 2131 2967 transeunt,
2156 2901 2238 2954 'et
2280 2890 2346 2954 in
2378 2890 2640 2974 apheliis
2672 2889 2796 2952 suis
2828 2887 2939 2951 ubi

336 3001 645 3064 tardiores
691 3012 836 3065 sunt
879 3013 946 3066 et
986 2999 1222 3065 diutius
1265 3011 1612 3075 morantur,
1661 2999 1854 3082 quam
1884 2997 2247 3084 longissime
2278 2997 2517 3061 distant·
2538 2997 2619 3059 ab
2648 2995 2933 3073 invicem,

335 3122 410 3172 ut
437 3131 505 3173 se
533 3107 756 3172 mutue
785 3105 976 3194 quam
1003 3105 1262 3171 minime
1301 3093 1571 3178 trahant.-
1655 3097 2151 3188 Elegantissime,
2177 3103 2390 3166 haecce
2425 3103 2608 3180 Solis,
2652 3101 2936 3187 planeta-

339 3237 480 3279 rum
509 3227 576 3279 et
603 3215 990 3280 cometarum
1023 3235 1360 3301 compages
1390 3233 1522 3276 non
1549 3212 1671 3275 nisi
1702 3209 1963 3275 consilio
1992 3221 2057 3274 et
2086 3209 2365 3273 dominio
2396 3208 2553 3272 entis
2584 3207 2937 3296 intelligen-
3010 3221 3015 3226 ’

336 3308 416 3386 tis
448 3335 510 3386 et
535 3323 808 3408 potentis
839 3323 990 3386 oriri
1001 3323 1241 3406 potuit.
1305 3322 1394 3384 Et
1422 3321 1474 3383 si
1503 3319 1701 3384 stellae
1732 3319 1882 3382 fixae
1912 3319 2037 3382 sint
2066 3328 2279 3381 centra
2310 3317 2604 3382 similium
2635 3331 2937 3404 systema-
3030 3380 3034 3384 .

337 3445 494 3510 tum,
532 3433 672 3496 haec
703 3433 915 3497 omnia
941 3432 1126 3496 simili
1156 3430 1418 3495 consilio
1449 3440 1811 3494 constructa
1837 3427 2141 3492 suberunt
2182 3427 2374 3490 Unius
2403 3425 2717 3490 dominio:
2765 3447 2931 3509 prae—

339 3540 552 3604 sertim
582 3539 727 3604 cum
755 3540 870 3603 lux
899 3540 1172 3604 fixarum
1201 3538 1280 3600 sit
1309 3537 1588 3620 ejusdem
1618 3547 1863 3599 naturae
1891 3557 1964 3598 ac
1992 3534 2105 3596 lux
2140 3532 2323 3612 Solis,
2349 3546 2413 3598 et
2442 3545 2774 3619 systemata
2801 3555 2937 3597 om·

337 3647 444 3711 nia
490 3647 695 3712 lucem
745 3649 812 3712 in
857 3648 1068 3712 omnia
1107 3646 1374 3711 invicem
1421 3643 1778 3709 immittant.
1872 3643 1958 3706 Et
1998 3663 2080 3704 ne
2122 3640 2397 3706 fixarum
2438 3663 2509 3727 sy
2517 3652 2791 3706 stemate·
2818 3663 2933 3724 per

339 3757 708 3842 gravitatem
754 3763 932 3820 suam
974 3757 1041 3820 in
1084 3778 1150 3820 se
1192 3743 1418 3819 mutue
1439 3752 1706 3829 cadant,
1751 3752 1857 3815 hic
1887 3751 2105 3816 eadem
2144 3751 2519 3816 immensam
2542 3751 2622 3816 ab
2666 3750 2933 3824 invicem

339 3858 690 3928 distantiam
729 3863 1026 3948 posuerit.
2403 3851 2405 3854 ’
2521 3871 2524 3876 ’
2690 3853 2693 3856 ’

407 4037 476 4100 (⁸)
495 4041 520 4067 ⁹
539 4039 604 4088 Ee
621 4041 668 4086 ln·
678 4055 834 4088 omnes
851 4049 1000 4087 motus
1015 4043 1264 4100 regulares.
1304 4038 1608 4087 Celeberrimi

341 4101 424 4147 viri
469 4103 678 4151 Joannes
719 4113 767 4150 et
813 4103 989 4150 Daniel
1031 4103 1354 4160 Bernoullius,
1399 4103 1526 4162 prior
1555 4103 1606 4150 in

345 4165 548 4227 Physica
589 4167 805 4222 Coelesti,·
832 4165 1058 4228 posterior
1094 4168 1144 4212 in
1187 4167 1608 4228 Disquisitionibus

345 4229 860 4292 Pysico-astronomicis
891 4232 1214 4280 mechanicam
1242 4232 1466 4278 horumce
1503 4246 1606 4278 mo-

343 4302 482 4340 tuum
503 4309 690 4342 causam
713 4309 771 4340 ex
791 4295 1042 4342 vorticibus
1072 4304 1304 4355 repetunt.
1379 4295 1472 4342 Sed
1495 4294 1606 4342 cum

339 4358 623 4404 mechanicae
655 4359 985 4418 explicationes
1016 4359 1112 4406 illae
1143 4359 1364 4406 omnibus
1391 4360 1606 4406 obnoxias

341 4422 435 4468 sint
465 4421 817 4472 difficultatibus
849 4423 1020 4485 quibus
1053 4423 1280 4470 vorticum
1313 4423 1606 4484 hypothesim

341 4487 488 4546 premi
502 4485 604 4548 jam
628 4486 931 4542 ostendimus,
957 4487 1068 4534 huic
1091 4486 1156 4534 rei
1187 4486 1368 4534 diutius
1391 4501 1486 4534 non
1509 4487 1605 4533 -im-

341 4550 642 4597 morabimur.
737 4551 858 4596 Satis
899 4551 986 4597 erit
1029 4551 1288 4598 describere
1321 4553 1460 4598 verba
1501 4566 1608 4612 quae

342 4615 482 4660 habet
514 4614 652 4662 Joan.
685 4613 988 4661 Bemoullius
1019 4615 1308 4662 mentionem
1342 4615 1516 4662 faciens
1547 4615 1610 4662 de

343 4679 432 4724 hoc
454 4677 556 4736 ipso
577 4678 796 4726 Newtoni
819 4678 938 4724 loco.
989 4679 1068 4740 (Si
1089 4693 1242 4726 causae
1263 4679 1358 4726 inae
1381 4694 1476 4726 non
1498 4688 1610 4726 sunt

343 4741 640 4798 mechanicae,
678 4751 816 4789 erunt
858 4744 1262 4802 praeoernaturales
1297 4752 1346 4790 et
1381 4743 1610 4791 miraculo

1671 4037 1961 4094 tribuendae3
1986 4036 2069 4084 sed
2090 4051 2317 4102 magnum
2339 4037 2666 4097 philosophum
2690 4051 2783 4082 non
2802 4035 2935 4083 decet

1671 4103 1733 4151 ad
1754 4073 2033 4150 miraculum
2051 4116 2299 4156 recurrere,
2314 4103 2395 4149 ubi
2418 4101 2615 4163 alicujus
2638 4097 2934 4176 phaenomeni

1671 4167 1897 4228 quaeritur
1918 4165 2207 4226 explicatio.)
2276 4165 2523 4227 Numquid
2558 4167 2664 4240 pari·
2682 4166 2791 4226 jure
2818 4165 2934 4211 Car-

1671 4233 1905 4278 tesianum
1963 4230 2293 4289 philosophum
2349 4245 2597 4308 possum-us
2649 4229 2935 4290 interrogare
2975 4243 2978 4248 ·

1671 4310 1875 4357 quanam
1919 4309 2059 4341 causa
2112 4291 2384 4340 mechanica
2428 4293 2621 4340 vortices
2672 4293 2935 4338 secundum

1670 4359 1821 4406 varias
1852 4358 2128 4404 directiones
2157 4358 2382 4414 ferantur,
2416 4372 2501 4404 cur
2531 4357 2821 4416 planetarum
2844 4356 2933 4402 cir-

1671 4423 2010 4471 cumsolarium
2042 4423 2235 4468 vortices
2264 4424 2321 4469 ab
2352 4421 2593 4468 occidente
2628 4421 2679 4466 in
2708 4420 2934 4466 orientem

1671 4487 1985 4535 moveantur?
2024 4486 2106 4531 ubi
2142 4488 2485 4545 phaenomenon
2518 4485 2706 4548 aliquod
2744 4484 2804 4531 ad
2838 4483 2934 4544 pri-
2946 4511 2951 4516 Δ

1669 4566 1801 4598 mam
1822 4561 2013 4599 causam
2036 4549 2291 4597 deductum
2312 4558 2395 4606 est,
2430 4549 2506 4596 hic
2526 4551 2701 4596 haerere
2722 4561 2935 4595 causam·
2962 4605 2969 4612 ,

1671 4631 1767 4676 que
1787 4613 2105 4662 mechanicam
2127 4612 2325 4660 ulterius
2347 4629 2438 4661 non
2462 4629 2680 4677 quaerere,
2706 4626 2935 4676 magnum

1671 4679 2001 4742 philosophum
2027 4692 2127 4728 non
2148 4677 2355 4726 dedecet.
