3384 5509
316 408 549 505 Linea
571 428 933 524 TEa-emsa
986 438 1475 505 PRINCIPIA
1516 438 2265 511 MATHEMATICA.
2782 440 2901 497 145

321 614 545 701 gulum
572 613 636 677 A
670 616 717 678 S
750 614 826 691 C,
858 613 926 677 id
956 610 1073 690 est,
1100 624 1171 677 ut
1203 615 1250 678 S
1282 614 1345 677 N
1374 613 1456 677 ad
1492 614 1537 677 S
1569 612 1669 677 M.
1760 613 1977 688 Quare
2007 613 2071 703 A
2104 614 2161 677 C
2199 622 2296 677 est
2323 610 2405 674 ad
2448 606 2899 696 longitudinem

320 722 389 783 in
419 731 714 807 tangente
742 718 1135 805 descript-am,
1170 731 1242 783 ut
1274 720 1320 785 S
1345 745 1393 793 »w
1422 719 1503 785 ad
1536 722 1583 784 S
1614 720 1699 784 N.
1793 718 1959 783 Cum
1995 732 2204 785 autem
2231 719 2524 784 velocitas
2554 729 2813 780 cometae
2841 716 2907 778 in

322 826 655 891 altitudine
688 827 734 891 S
767 826 822 890 P
853 826 935 889 sit
977 830 1117 911 (per
1149 826 1361 891 Corol.
1394 836 1455 891 6.
1490 826 1683 911 Prop.
1718 826 1910 890 XVI.
1942 827 2087 891 Lib.
2121 827 2202 908 Ι.)
2249 827 2332 891 ad
2360 828 2491 911 ejus
2519 824 2910 889 velocitatem

320 935 390 999 in
434 932 784 1000 altitudine
807 937 853 1001 S
878 962 945 1013 μ,
988 935 1057 999 in
1086 934 1519 1020 subduplicata
1549 937 1792 1000 ratione
1838 937 1884 1001 S
1917 935 1974 1001 P
2001 937 2084 1001 ad
2117 938 2164 1001 S
2188 962 2235 1012 μ,
2275 933 2540 1013 inverse,
2586 933 2654 997 id
2683 944 2795 1010 est,
2842 932 2910 996 in

322 1046 567 1110 ratione
601 1050 645 1114 S
662 1072 707 1124 μ
736 1047 817 1111 ad
850 1049 896 1113 S
916 1048 1017 1125 N;
1065 1047 1129 1134 (¹)
1162 1048 1489 1136 longitudo
1516 1049 1635 1114 hac
1666 1049 1988 1114 velocitate
2017 1024 2240 1115 eodem
2267 1064 2549 1134 tempore
2579 1047 2910 1132 descripta,

324 1154 445 1218 erit
473 1154 555 1218 ad
583 1147 1040 1242 longitudinem
1068 1156 1137 1221 in
1166 1168 1461 1245 tangente
1491 1157 1889 1242 descriptam,
1921 1168 1994 1220 ut
2025 1160 2072 1223 S
2099 1184 2144 1233 μ
2171 1157 2254 1221 ad
2286 1159 2332 1223 S
2357 1156 2441 1221 N.
2533 1154 2738 1242 Igitur
2767 1154 2830 1219 A
2855 1152 2913 1217 C

325 1273 391 1325 et
432 1261 762 1348 longitudo
803 1262 924 1327 hac
968 1262 1131 1327 nova
1175 1264 1500 1328 velocitate
1544 1262 1878 1349 descripta,
1911 1260 2056 1328 cum
2085 1264 2210 1328 sint
2239 1264 2321 1327 ad
2349 1261 2819 1350 longitudinem·
2847 1261 2915 1323 in

325 1378 621 1455 tangente
650 1368 1024 1453 descriptam
1053 1369 1119 1433 in
1148 1369 1369 1436 eadem
1398 1371 1659 1451 ratione,
1692 1372 2023 1458 aequantur
2048 1372 2213 1435 inter
2241 1395 2324 1436 se.
2417 1371 2502 1446 Q.
2534 1393 2590 1434 e.
2621 1369 2685 1433 d.

416 1478 492 1565 (¹)
540 1466 740 1545 Corol.
790 1481 1053 1546 Cometa
1094 1481 1285 1571 igitur
1328 1480 1403 1547 ea
1448 1504 1593 1547 cum
1633 1482 1980 1561 velocitate,
2026 1506 2216 1571 quam
2255 1482 2448 1545 habet
2483 1480 2551 1541 in
2589 1477 2916 1543 altitudine

336 1588 383 1653 S
410 1614 455 1664 μ
492 1594 556 1669 4
596 1588 639 1669 ἓ
670 1589 703 1654 Ι
730 1612 794 1667 μ,
840 1589 1065 1655 eodem
1091 1601 1377 1675 tempore
1404 1588 1786 1655 describeret
1813 1590 2112 1655 chordam
2153 1591 2217 1655 A
2248 1589 2306 1653 C
2333 1584 2828 1675 quamproxime.

1356 1758 1713 1842 LEMMA
1758 1761 1888 1826 x1.

328 1925 401 1992 Si
427 1934 651 1991 cometa
678 1933 841 1987 motu
865 1927 1028 1988 omni
1040 1926 1328 2007 privatus
1356 1928 1433 1991 de
1458 1928 1785 2005 altitudine
1817 1929 1864 1994 S
1895 1928 1961 1991 N
1990 1950 2092 1994 sen
2123 1930 2170 1993 S
2197 1954 2243 2003 μ
2264 1926 2331 1991 -1-
2361 1928 2404 2013 {⁷
2432 1926 2468 1991 I
2497 1952 2542 2001 μ
2583 1929 2919 1993 demittere-

415 2048 537 2114 tur,
570 2046 639 2100 ut
664 2038 906 2100 caderet
934 2038 1001 2100 in
1030 2038 1243 2115 Solem,
1286 2048 1345 2101 et
1374 2035 1447 2101 ed
1474 2060 1704 2122 semper
1731 2042 1794 2103 vi
1821 2038 2202 2123 uniformiter
2226 2037 2581 2102 continuatc‘i
2608 2038 2922 2123 urgeret'm

414 2146 485 2207 in
512 2146 724 2229 Solem,
772 2142 893 2228 qud.
920 2156 1170 2229 urgetur
1197 2146 1308 2210 sub
1338 2146 1522 2211 initio
1544 2182 1569 2220 ,·
1618 2150 1776 2211 idem
1805 2151 2038 2220 semisse
2065 2150 2365 2231 temporis,
2412 2168 2527 2230 qno
2556 2150 2624 2211 in
2653 2149 2793 2211 orbe
2818 2170 2922 2211 suo

420 2253 703 2317 describit
744 2274 945 2315 arcum
989 2253 1053 2317 A
1087 2254 1163 2333 C,
1210 2256 1490 2323 descensu
1530 2277 1637 2320 suo
1686 2258 2045 2358 describeret
2091 2258 2350 2339 &atium
2400 2258 2773 2341 longitudini
2807 2256 2841 2321 I
2877 2282 2924 2331 ,ω

417 2362 669 2444 aequale.

421 2530 591 2594 Nam
636 2542 899 2609 cometa,
946 2554 1074 2617 quo
1116 2544 1402 2619 tempore
1430 2534 1729 2600 describit
1755 2560 1968 2603 arcum
2008 2536 2431 2621 parabolicum
2481 2537 2544 2600 A
2578 2536 2654 2613 C,
2702 2536 2922 2600 eodem

330 2646 613 2731 tempore
656 2634 731 2699 ea
777 2658 923 2699 cum
968 2637 1311 2732 velocitate,
1359 2636 1547 2726 quam
1589 2640 1780 2706 habet
1821 2644 1889 2705 in
1933 2642 2262 2707 altitudine
2311 2644 2358 2707 S
2389 2641 2446 2706 P
2491 2648 2631 2726 (per
2663 2643 2924 2706 Lemma

330 2744 764 2824 novissimum)
798 2743 1108 2809 describet
1139 2746 1440 2811 chordam
1471 2748 1534 2812 A
1569 2749 1645 2825 C,
1678 2749 1948 2835 ideoque
1995 2756 2130 2833 (per
2163 2749 2376 2815 Corol.
2411 2756 2472 2817 7.
2508 2750 2701 2831 Prop.
2735 2723 2925 2812 XisI.

333 2848 480 2913 Lib.
530 2849 611 2929 I.)
662 2849 886 2913 eodem
933 2860 1220 2935 tempore
1268 2834 1337 2915 in
1380 2853 1635 2932 circu10,
1686 2856 1879 2940 cujus
1897 2855 2392 2919 »semi-diameter
2435 2866 2600 2918 esset
2651 2855 2697 2918 S
2742 2855 2817 2931 P,
2867 2854 2930 2918 vi

332 2959 652 3046 gravitatis
694 2981 825 3021 suae
867 2959 1270 3040 revolvendo,
1318 2944 1700 3026 describeret
1742 2986 1979 3040 arcum,
2042 2964 2217 3048 cujus
2267 2963 2595 3049 longitudo
2641 2973 2804 3025 esset
2841 2956 2928 3025 ad

334 3066 517 3131 arcus
561 3066 904 3152 parabolici
946 3066 1249 3131 chordam
1293 3070 1356 3133 A
1390 3070 1467 3147 C,
1512 3070 1578 3133 in
1622 3069 2056 3155 subduplicata
2086 3072 2326 3135 ratione
2355 3069 2607 3145 unitatis
2637 3068 2718 3131 ad
2752 3067 2931 3131 bina-

265 3210 277 3235 l
332 3175 518 3239 rium.
612 3176 698 3240 Et
737 3187 1073 3260 propterea
1102 3197 1179 3241 eo
1212 3198 1355 3240 cum
1384 3178 1685 3261 pondere,
1735 3178 1908 3263 quod
1946 3176 2139 3241 habet
2165 3176 2232 3240 in
2266 3175 2480 3241 Solem
2508 3175 2572 3239 in
2603 3174 2930 3237 altitudine

282 3305 291 3317 ·
342 3282 389 3346 S
419 3280 496 3358 P,
545 3281 830 3376 cadendo
874 3281 955 3345 de
999 3282 1326 3347 altitudine
1370 3282 1475 3346 illa
1522 3284 1589 3348 in
1637 3284 1868 3362 Solem,
1916 3284 2297 3348 describeret
2341 3282 2594 3346 semisse
2629 3280 2930 3365 temporis

336 3388 503 3452 illius
560 3390 655 3475 ((¹)
702 3412 819 3475 per
874 3390 1088 3454 Corol.
1140 3401 1201 3457 9.
1256 3392 1447 3475 Prop.
1496 3392 1615 3459 IV.
1636 3372 1641 3379 .
1662 3394 1806 3457 Lib.
1852 3393 1935 3474 Ι.)
1997 3393 2282 3478 spatium·
2304 3392 2564 3477 -aequale
2625 3390 2932 3477 quadrato

337 3496 609 3562 semissis
654 3498 913 3563 chordae
955 3498 1123 3562 illius
1170 3500 1481 3584 applicato
1523 3501 1607 3564 ad
1650 3503 2074 3589 quadruplum
2117 3502 2458 3565 altitudinis
2506 3503 2552 3567 S
2584 3503 2660 3579 P,
2707 3502 2774 3565 id
2817 3514 2928 3581 est,

656 3610 721 3673 A
752 3610 785 3673 I
816 3633 883 3714 q.-

338 3647 610 3735 spatium
656 3721 696 3775 4
734 3714 779 3776 S
814 3738 861 3788 fb

952 3637 1088 3735 ‘(¹¹¹)·
1114 3648 1309 3716 Unde
1352 3648 1497 3717 cum
1539 3654 1791 3738 pondus
1837 3666 2098 3720 cometae
2138 3656 2206 3719 in
2255 3656 2468 3721 Solem
2509 3656 2580 3719 in
2607 3625 2934 3720 altitudine

1670 3888 1956 3957 temporibus
1977 3894 2203 3943 uniformi
2231 3904 2368 3945 motu
2389 3894 2630 3957 descriptae
2651 3902 2762 3963 sunt
2783 3903 2838 3942 ut
2857 3908 2937 3941 ve.

1669 3959 1881 4007 locitates
1903 3964 1971 4023 (5.
2002 3960 2110 4009 Lib.
2141 3961 2184 4007 Ι.
2192 3961 2230 4023 ).

338 4068 513 4125 Quare
535 4070 596 4119 Μ
612 4072 663 4119 N
684 4038 834 4161 εξ-
878 4072 907 4121 Ι
948 4094 1003 4135 μ.
1097 4074 1189 4123 Est
1224 4074 1372 4139 igitur
1404 4074 1610 4137 ⁸P⁸fi¹²m
1674 4044 2938 4172 gpgguossclgffotresffigeiss’egitcgdgggtllrxtrloffzgaslz

341 4182 615 4223 contentum
638 4177 727 4222 sub
748 4175 1044 4241 longitudine
1066 4177 1299 4240 descripta
1316 4180 1368 4227 in
1389 4188 1611 4243 tangente
1678 4174 1713 4222 S
1729 4174 1794 4240 N,
1823 4174 1856 4221 S
1877 4174 1920 4222 P
1919 4208 1934 4231 2
1957 4183 2096 4237 81·ῑὲοῐ
2111 4176 2251 4223 etiam
2267 4172 2554 4221 ffl'ithmeti&
2577 4170 2940 4232 Pf⁰P⁰¹ti⁰¹¹⁸¹⁰⁵

341 4246 391 4285 et
410 4239 535 4286 recta
561 4240 593 4287 S
624 4260 679 4301 μ,
712 4240 774 4287 ad
805 4243 1009 4300 spatium
1031 4253 1304 4290 contentum
1327 4246 1415 4291 sub
1438 4242 1612 4292 chorda
1674 4238 2042 4300 quamproxim&
2075 4238 2126 4285 id
2147 4250 2218 4287 est
2243 4240 2288 4285 N
2312 4239 2368 4292 P»
2393 4236 2652 4299 aequabiffll'
2681 4256 2718 4296 μ·
2743 4235 2808 4293 N,
2843 4234 2940 4281 Sim

347 4302 396 4348 A
422 4303 479 4359 c,
502 4311 551 4351 et
568 4300 697 4351 recta
733 4305 767 4351 s
790 4305 865 4363 M,
899 4317 955 4353 ut
980 4307 1014 4353 s
1037 4307 1098 4353 M
1122 4307 1187 4372 -ι-
1214 4306 1277 4355 Μ
1300 4309 1351 4355 N
1381 4308 1443 4355 ad
1477 4310 1512 4357 s
1534 4310 1610 4365 M,
1675 4302 1832 4350 aienti
1863 4304 2009 4364 ipsius
2043 4302 2070 4351 1
2091 4324 2145 4366 μ,
2177 4302 2377 4366 ῐᾶεὸιιυο
2407 4322 2446 4362 μ
2473 4302 2528 4358 Ρ,
2552 4299 2743 4361 aequalis
2771 4315 2938 4362 quam-

340 4366 431 4413 hoc
452 4375 535 4421 est,
554 4376 610 4415 ut
634 4368 669 4415 S
694 4368 738 4413 N
761 4368 822 4415 ad
848 4371 881 4417 S
906 4371 994 4418 M=
1035 4371 1177 4418 Unde
1198 4372 1236 4417 si
1258 4372 1507 4435 longitudo
1529 4373 1611 4421 de-
1793 4406 1806 4419 .
1935 4374 1966 4413 2
2005 4407 2019 4419 .
2079 4408 2090 4420 .
2341 4370 2347 4378 ¹
2525 4404 2539 4421 ι

344 4429 515 4490 scripta
544 4432 596 4482 in
628 4441 851 4494 tangente
882 4433 1067 4481 dicatur
1100 4435 1161 4492 L,
1196 4436 1285 4483 erit
1306 4437 1352 4483 L
1382 4440 1435 4494 Χ
1466 4438 1499 4485 S
1519 4458 1559 4497 μ
1590 4456 1603 4485 2
1672 4405 1886 4467 1³¹⁰me
1919 4435 1982 4495 ἶ
2003 4422 2152 4469 '9⁵¹⁰‘
2191 4408 2218 4456 I
2256 4428 2310 4471 μ’
2383 4408 2544 4462 Quare
2570 4410 2699 4467 patet
2731 4401 2940 4451 Corona·

347 4494 395 4540 A
422 4494 463 4543 C
489 4498 543 4551 Χ
586 4495 619 4542 S
644 4496 701 4541 M
722 4514 793 4541 =
822 4496 856 4543 S
876 4498 924 4545 N
949 4518 961 4545 ε
996 4500 1119 4554 SM,
1142 4498 1343 4563 ideoque
1364 4500 1613 4562 longitudo
1674 4510 1816 4564 tium,

342 4556 575 4621 descripta
604 4559 655 4605 in
687 4569 910 4623 tangente
942 4563 1030 4611 erit
1050 4562 1111 4609 ad
1132 4563 1353 4611 chordam
1391 4563 1439 4612 A
1466 4565 1523 4622 C,
1540 4574 1614 4631 ⁸ut
1743 4576 1804 4639 (ι)
1841 4580 1870 4608 1*
1907 4580 2004 4626 Ρη
2039 4582 2181 4627 aul,
2210 4586 2254 4628 9,
2295 4582 2439 4640 Prop.
2469 4580 2560 4625 IV.
2597 4577 2702 4623 Lib.
2731 4576 2776 4622 Ι.
2849 4570 2948 4619 Vel·

342 4622 451 4749 {E
476 4661 537 4710 ad
572 4622 697 4751 {ll-B}
719 4664 811 4712 hoc
831 4675 915 4724 ὅτ’
939 4675 995 4714 ut
1019 4668 1054 4715 S
1072 4666 1123 4714 N
1144 4666 1206 4714 ad
1230 4667 1263 4715 S
1282 4688 1335 4729 μ’
1674 4654 1914 4769 Ρεὶἦυῗ
1932 4648 2008 4755 1210
2011 4647 2068 4755 {aa
2082 4643 2291 4755 ejx-dem
2317 4644 2424 4755 ἓξ
2555 4714 2639 4753 etoe
2729 4702 2946 4751 Gravitas

410 4722 475 4829 ὅ)
509 4768 537 4797 ¹*
573 4769 851 4831 Longitudo.
924 4769 1054 4818 Nam
1090 4770 1411 4835 longitudines
1445 4771 1613 4821 iisdem
1674 4724 2206 4821 acceleratrixnconfetss
2232 4724 2421 4820 egen:
2439 4724 2596 4819 Scoolnem
2634 4736 2686 4816 in
2723 4764 2946 4816 distantia

1586 4853 1696 4905 34

338 3924 531 3989 aeqmlis
546 3892 615 4015 ,ὲ
640 3926 669 3975 1
692 3947 745 3989 μ,
768 3936 816 3977 et
838 3939 909 3978 est
930 3928 993 3977 M
1016 3950 1051 3993 μ
1072 3950 1143 3977 =
1164 3952 1203 3994 μ
1226 3932 1255 3979 Ι
1278 3934 1433 3997 (num.
1465 3930 1608 4007 isa).
