3384 5509
347 376 570 498 Lmnn
591 383 949 466 Telemus]
1009 389 1491 457 PRINCIPIA
1536 394 2272 464 MATHEMATICA.
2362 339 2373 348 *

2783 405 2901 484 165

336 549 436 616 his
469 551 666 633 datis,
718 538 956 623 calculo
997 561 1212 626 itidem
1254 563 1645 644 arithmetico
1688 569 1974 632 accurate
2014 559 2314 648 instituto,
2360 571 2499 634 loca
2528 579 2785 633 cometae
2815 569 2897 632 ad

334 661 834 728 observationum
863 679 1143 752 tempora
1171 673 1568 755 computavit,
1601 685 1670 737 ut
1700 675 1993 759 sequitur.

308 2368 377 2407 est
396 2359 564 2420 positio
583 2369 722 2410 rectae
745 2361 792 2408 T
809 2377 851 2416 a,
875 2362 964 2408 hoc
983 2369 1066 2418 est,
1093 2371 1286 2410 cometoe
1305 2361 1555 2424 longitudo

305 2425 610 2485 geocentrica,
649 2425 746 2472 sive
765 2425 895 2472 locus
925 2434 1118 2472 cometae
1146 2426 1462 2486 geocentricus
1491 2426 1552 2472 ad

306 2487 564 2548 eclipticam
585 2488 818 2536 reductus.
889 2487 1077 2536 Deinde
1097 2488 1148 2534 in
1167 2489 1400 2551 triangulo
1431 2499 1550 2536 rect-

305 2552 566 2662 3523AE
593 2551 1316 2664 'Sssiss’nt‘3;¹²‘¹a¹—21}32}?;¹⁰s‘’01{¹²
1339 2553 1553 2676 3333}

307 2681 439 2741 (158.
466 2687 515 2726 et
533 2693 592 2726 ex
611 2678 791 2726 theoria
813 2678 1053 2739 Telluris).
1117 2677 1275 2734 Quare
1295 2679 1550 2726 innotescet

305 2741 508 2804 angulus
543 2745 590 2789 A
615 2743 661 2789 T
679 2759 722 2800 a,
755 2744 844 2790 hoc
875 2751 954 2798 est,
989 2751 1180 2790 cometae
1211 2742 1407 2790 latitudo
1437 2759 1545 2806 geo-

303 2805 518 2862 centrica,
561 2806 766 2868 itemque
807 2806 992 2854 dabitur
1031 2807 1352 2867 hypothenusa
1397 2807 1443 2853 T
1483 2807 1544 2861 A,

303 2868 518 2916 distantia
539 2869 712 2916 scilicet
732 2880 924 2916 cometae
945 2885 976 2916 a
997 2867 1158 2931 Terra.
1213 2869 1292 2916 Ex
1305 2869 1378 2915 his
1393 2869 1548 2932 itaque

301 2942 428 2991 patet
457 2932 692 2994 quomodo
721 2933 782 2980 ad
811 2933 919 2980 data
937 2932 1308 2980 observationum
1327 2941 1549 2992 tempora,

301 2995 513 3043 instituto
533 2995 724 3052 calculo,
748 2996 851 3043 loca
871 3005 1062 3043 cometae
1079 2996 1256 3056 possint
1271 2997 1542 3054 computari.

306 3058 490 3106 clariss.
521 3059 741 3106 Halleius
771 3060 936 3107 iisdem
957 3075 1070 3106 usus
1091 3059 1328 3119 principiis
1347 3059 1410 3104 ad
1431 3060 1542 3106 defi-

301 3122 496 3170 niendos
526 3133 814 3172 cometarum
843 3133 998 3170 motus
1017 3123 1222 3170 maximo
1243 3123 1397 3168 labore
1417 3125 1551 3172 tabu-

302 3186 373 3234 las
393 3187 664 3234 construxit.
736 3187 926 3234 Harum
945 3186 1208 3234 tabularum
1239 3200 1452 3232 normam
1482 3187 1550 3232 vi-

301 3251 410 3298 deat
430 3250 574 3298 lector
593 3251 643 3296 in
665 3251 870 3312 ejusdem
894 3249 1176 3297 celeberrimi
1196 3248 1282 3295 viri
1309 3241 1550 3308 Opu'scuio

301 3315 426 3375 quod
449 3313 740 3361 inscribitur:
783 3313 1182 3376 Cometographia,
1215 3328 1299 3360 seu
1324 3315 1549 3361 Astrono-

301 3378 410 3426 miae
435 3379 688 3425 Cometicae
713 3378 946 3438 Synopsis.
978 3406 1014 3424 .-

369 3447 472 3489 160.
506 3443 556 3489 Si
579 3450 772 3488 cometoe
791 3442 962 3488 orbitas
982 3412 1206 3502 {ilipticas
1227 3439 1482 3489 describere
1502 3449 1550 3488 et
1601 3433 1619 3462 s

301 3505 419 3551 duas
443 3505 638 3564 Kepleri
659 3504 786 3566 leges
806 3506 1043 3552 observare
1073 3513 1320 3564 ponantur,
1353 3507 1441 3552 boc
1461 3513 1545 3560 est,

298 3569 340 3614 si
361 3577 622 3631 temporum
649 3567 988 3628 periodicorum
1008 3567 1232 3629 quadrata
1253 3569 1345 3614 sint
1365 3577 1421 3615 ut
1441 3567 1550 3614 cubi

298 3631 604 3678 mediocrium
626 3631 944 3678 distantiarum
965 3649 996 3679 a
1019 3632 1140 3689 Sole,
1173 3641 1220 3678 et
1241 3647 1359 3680 areae
1379 3631 1570 3690 ellipti-'

300 3711 368 3742 cae
390 3695 530 3742 radiis
551 3695 611 3742 nd
633 3694 788 3743 Solem
821 3695 974 3744 ductis
1003 3696 1097 3742 sint
1127 3696 1411 3754 temporibus
1441 3709 1554 3755 pro·.
1633 3747 1637 3752 ¹

301 3758 598 3820 portionales,
622 3757 758 3806 facile
779 3758 1156 3806 determinabitur
1175 3759 1336 3806 orbitae
1355 3759 1548 3806 cometi-

299 3837 369 3868 cae
392 3821 682 3884 magnitudo,
706 3837 960 3884 omnesque
977 3820 1134 3868 motus
1153 3832 1439 3870 cometarum
1461 3821 1548 3868 cir-

297 3886 588 3933 cumstantiae
609 3885 902 3942 definientur,
927 3885 1054 3948 quod
1070 3885 1408 3946 elegantissime
1427 3900 1546 3946 prm-

295 3949 416 3997 stitit
437 3951 504 3996 D.
533 3950 760 4012 Bouguer
789 3950 842 3995 in
875 3951 1094 3996 Monum‘.
1123 3949 1267 3996 Paris.
1295 3964 1370 3996 an.
1401 3953 1539 3998 1733.

297 4013 537 4060 clarissimi
559 4013 645 4060 viri
663 4012 940 4060 methodum
958 4013 1036 4060 bic
1055 4011 1378 4074 adjungemus-

365 4077 458 4126 Ex.
477 4077 596 4124 datis
627 4077 774 4124 tribus
803 4076 1197 4124 observationibus
1215 4093 1244 4123 a
1264 4092 1314 4125 se
1344 4075 1545 4124 invicem

295 4155 460 4200 parum
485 4140 780 4197 distantibus,
815 4140 1076 4188 inveniatur
1105 4149 1298 4187 cometae
1328 4140 1544 4187 velocitas

295 4204 348 4249 in
385 4204 542 4266 aliquo
578 4205 738 4250 orbitae
769 4219 866 4252 suae
895 4205 1013 4260 loco,
1048 4212 1096 4251 et
1126 4204 1296 4266 exigua
1329 4204 1540 4266 ejusdem

295 4268 456 4314 orbitae
487 4269 638 4327 portio
670 4267 1014 4316 determinetur.
1080 4269 1319 4322 Quoniam
1340 4267 1430 4314 tria
1459 4269 1540 4314 ob-

295 4332 606 4378 servationum
623 4328 832 4391 tempora
851 4347 1017 4392 perum
1033 4347 1062 4378 a
1077 4331 1339 4384 seinvicem
1352 4331 1538 4388 distant,

294 4396 446 4454 portio
477 4395 638 4442 orbitae
668 4396 757 4441 hoc
788 4395 1006 4456 temporis
1034 4394 1276 4441 intervallo
1313 4393 1538 4455 descripta

294 4457 573 4506 considerari
603 4459 772 4519 poterit
789 4467 1010 4520 tanquam
1033 4458 1156 4505 linea
1177 4467 1300 4506 recta
1319 4458 1394 4503 vel
1413 4457 1534 4518 ipsa·

293 4531 393 4568 met
433 4532 632 4584 tangens
673 4523 834 4569 orbitae
869 4532 1004 4568 motu
1041 4522 1266 4569 uniformi
1303 4536 1532 4582 percursa,

289 4585 491 4647 ideoque
533 4586 683 4646 portio
725 4587 826 4632 baec
867 4584 1104 4632 rectilinea
1143 4587 1306 4632 orbitae
1347 4594 1395 4632 et
1440 4586 1540 4644 ipsa

293 4661 486 4704 cometae
507 4649 722 4696 velocitas
736 4648 932 4695 inveniri
951 4658 1170 4708 poterunt
1185 4665 1266 4708 per
1281 4649 1416 4698 Lem.
1439 4649 1532 4696 IV.

293 4723 342 4761 ct
361 4728 444 4773 per
462 4728 518 4762 ea
536 4729 642 4776 quae
661 4713 772 4762 huie
795 4712 1031 4762 Lemmati
1051 4711 1328 4762 addidimus.
1385 4712 1540 4762 ‘Idem

1613 2377 1799 2425 quoque
1811 2362 2089 2412 obtinebitur
2100 2361 2275 2426 duplici
2286 2359 2627 2428 elegantissimi
2639 2381 2685 2412 m
2692 2363 2864 2414 ethodo

1613 2442 1723 2489 quae
1740 2427 1793 2499 in
1816 2427 2037 2474 Monum.
2070 2427 2217 2474 Paris.
2241 2427 2345 2474 loco
2365 2430 2504 2476 citato
2526 2430 2709 2490 legitur.

1680 2490 1782 2562 His
1808 2491 2068 2562 praemissis,
2099 2491 2227 2565 sit-S
2251 2491 2342 2548 Sol,
2381 2492 2421 2538 C
2444 2507 2471 2538 c
2498 2493 2667 2566 exigua
2698 2493 2861 2540 orbitae

1615 2561 1853 2626 cometicae
1871 2563 2030 2627 portio·
2043 2569 2098 2600 ex
2122 2549 2269 2602 tribus
2298 2556 2688 2628 observationibus
2710 2555 2861 2629 deter-

1613 2617 2109 2738 Zingzetssgogg
2126 2618 2861 2744 ffiltgeezziffmci’ngdzaslditgaatsigld:

1612 2742 1690 2788 lus
1714 2743 1745 2788 S
1770 2743 1809 2788 C
1835 2743 1901 2798 D,
1934 2741 2117 2793 dabitur
2146 2744 2533 2804 perpendicularis
2558 2745 2591 2791 S
2617 2745 2685 2800 D,
2721 2745 2863 2806 hujus

1611 2804 1776 2867 anguli
1816 2805 1849 2850 S
1875 2807 1915 2853 C
1943 2807 1993 2854 D
2026 2808 2167 2864 sium,
2201 2818 2387 2868 sumpto
2428 2809 2461 2856 S
2496 2809 2551 2866 C,
2590 2823 2675 2868 pro
2710 2808 2855 2858 radio.
2900 2875 2903 2878 ὴ

1617 2867 1818 2917 Dicatur
1842 2869 1875 2916 S
1896 2871 1935 2917 C
1956 2889 2025 2916 =
2048 2887 2089 2924 a,
2117 2873 2149 2918 S
2175 2872 2226 2918 D
2242 2891 2311 2918 =
2328 2874 2373 2928 b,
2392 2871 2601 2933 designet
2624 2886 2665 2928 e,
2690 2872 2861 2931 spatio-

1619 2931 1723 2978 lum
1782 2933 1821 2979 C
1862 2947 1903 2990 c,
1958 2935 2251 2995 tempusculo
2302 2935 2330 2982 f
2374 2950 2657 2996 percursum,
2710 2935 2861 2998 sitque

1597 4473 1631 4504 x
1663 4477 1734 4504 =
1768 4457 1813 4504 A
1844 4457 1905 4513 B,
1944 4471 2029 4504 seu
2065 4455 2140 4502 axi
2176 4453 2418 4515 principali
2460 4453 2671 4514 ellipseos
2701 4467 2843 4514 qnam

1599 4530 1780 4568 cometa
1800 4520 1919 4568 circa
1944 4520 2098 4567 Solem
2114 4519 2165 4564 in
2186 4517 2407 4566 umbilico
2427 4518 2473 4570 S.
2498 4519 2700 4578 positum
2720 4518 2841 4562 inte·

1603 4601 1689 4647 gro
1711 4595 1917 4644 tempore
1936 4573 2171 4644 periodico
2190 4592 2225 4640 t,
2248 4581 2478 4630 describit.
2543 4582 2611 4629 Ut
2632 4579 2848 4628 determi-

1603 4658 1775 4695 nentur
1789 4650 2067 4710 quantitates
2081 4663 2111 4694 x
2128 4656 2175 4694 et
2190 4657 2225 4704 t,
2248 4645 2454 4693 conferre
2469 4655 2649 4705 oportet
2664 4653 2848 4691 motum

1604 4721 1797 4760 cometae
1817 4727 1927 4759 cum
1948 4722 2081 4760 motu
2104 4711 2291 4775 cognito
2310 4711 2507 4770 planetae
2520 4709 2729 4772 alicujus.
2780 4705 2850 4753 sit
