3384 5509
519 433 599 494 76

519 619 712 667 Terram
725 615 875 678 ipsam
895 616 947 662 in
967 616 1187 664 mediocri
1203 615 1289 664 ins
1303 617 1536 673 distantia,
1559 617 1777 665 distantia

517 683 674 731 Lume
693 699 724 729 a
747 680 896 729 Terra
919 681 963 728 P
986 682 1034 730 T
1049 681 1232 730 dicatur
1253 696 1304 740 η
1338 682 1398 728 sit
1423 684 1464 730 C
1490 682 1534 729 P
1554 682 1775 729 distantia

515 747 671 793 Lunoe
691 762 720 793 a
742 744 1026 808 quadratura
1047 743 1260 804 proxima
1279 761 1386 808 quae
1417 745 1598 792 dicatur
1627 762 1680 802 u,
1713 746 1774 793 sit

512 812 616 873 ejus
645 810 777 856 sinus
809 823 856 869 y,
894 809 953 855 sit
973 809 1076 872 eJus
1108 809 1294 856 cosinus
1327 825 1381 866 ις
1414 809 1520 856 dico
1551 809 1677 870 quod
1716 823 1773 855 ea

512 889 620 935 pars
655 873 726 920 vis
765 871 888 922 Solis
921 887 1030 935 quae
1066 873 1164 934 agit
1198 873 1250 919 iu
1286 872 1478 920 Lunam
1509 872 1770 920 secundum

1123 423 1807 496 PHILOSOPHIAE
1854 416 2400 492 NATURALIS
2449 427 2591 506 [DE
2624 425 2871 492 Mum).
2904 425 3089 494 Strav-

1838 639 2141 690 directionem
2177 639 2294 688 radii
2335 639 2379 688 P
2401 639 2446 686 T
2480 646 2553 686 est
2588 598 2843 724 ubique}
2868 605 3091 722 >qi-{J

1832 770 1899 782 —
1921 743 1993 806 r).
2029 745 2142 792 Hoc
2178 743 2350 790 Theon
2387 742 2512 789 idem
2547 751 2616 788 est
2649 757 2759 786 cum
2796 741 2966 788 Theor.
2991 740 3084 786 IV.

1832 807 2137 868 praecedentis
2178 805 2357 864 calculi,
2412 808 2549 868 cujus
2590 805 2921 852 demonstratio
2971 803 3090 850 adiri

1833 881 1999 934 potest.

893 1973 898 1978 .
946 1929 1220 1978 THEOR.
1260 1929 1323 1977 V.

575 2060 788 2107 Effectus
820 2057 1014 2104 actionis
1039 2058 1159 2105 Solis
1191 2058 1243 2105 in
1279 2058 1470 2104 Lunam
1501 2055 1761 2104 seeundum

507 2123 808 2170 directionem
825 2122 942 2168 radii
957 2121 1118 2168 orbitae
1133 2121 1312 2168 lunaris
1331 2121 1543 2168 exercitat
1559 2120 1761 2182 intelligi

506 2188 689 2248 poten-itq
735 2186 773 2231 si
815 2185 1102 2244 concipiatur
1146 2186 1334 2232 Lunam
1379 2199 1437 2230 ex
1479 2182 1567 2230 sua
1613 2184 1764 2231 orbita

510 2257 558 2298 A
586 2252 637 2299 D
665 2253 708 2297 B
730 2250 770 2296 C
794 2249 844 2294 in
865 2248 1002 2294 aliam
1024 2249 1256 2296 transferri
1277 2249 1414 2310 cujus
1436 2247 1636 2310 singule
1655 2261 1763 2307 par-
1846 2251 1851 2258 '

505 2315 665 2363 ticulae
694 2312 1046 2376 quamminimae
1066 2313 1219 2358 forent
1249 2313 1484 2371 portiones
1503 2325 1664 2358 earum
1685 2325 1763 2358 or-

504 2379 707 2426 bitarum
742 2391 858 2438 quas
896 2376 1040 2422 Luna
1076 2375 1237 2422 revera
1277 2376 1566 2431 describeret,
1609 2375 1651 2420 si
1692 2375 1764 2420 vis

509 2443 670 2490 Terrae
691 2449 953 2488 constanter
972 2439 1222 2486 imminuta
1257 2449 1340 2485 aut
1373 2449 1512 2485 aucta
1544 2439 1668 2485 foret
1704 2435 1764 2484 ed

443 2507 452 2522 “
505 2505 778 2568 quantitate,
801 2519 922 2566 quae,
947 2518 1028 2563 per
1059 2503 1290 2550 actionem
1317 2503 1437 2550 Solis
1457 2503 1508 2548 in
1530 2517 1634 2549 eam
1656 2516 1764 2562 par-

507 2569 699 2616 ticulam
722 2568 951 2624 exercitae,
985 2582 1043 2612 ex
1064 2569 1112 2613 vi
1136 2568 1294 2614 Terrae
1316 2564 1571 2613 detrahitur
1601 2574 1686 2612 aut
1716 2565 1763 2612 ei

505 2633 764 2745 adssaeitim
787 2693 897 2743 cum
931 2671 987 2740 ea
1018 2692 1089 2742 vis
1125 2693 1247 2742 Solis
1267 2708 1351 2754 per
1371 2691 1544 2756 gradus
1577 2691 1763 2740 infinite

495 4134 660 4180 parvos
701 4125 874 4166 crescat
916 4125 965 4165 et
1000 4115 1247 4176 decrescat,
1291 4115 1443 4180 sitque
1478 4115 1612 4165 nulla
1643 4131 1757 4166 cum

427 4239 430 4244 -
496 4190 632 4308 3-13-55
650 4243 721 4269 =
743 4238 780 4279 r,
805 4221 948 4284 paulo
967 4230 1074 4284 post
1093 4219 1290 4270 minima
1309 4220 1392 4277 sit,-
1407 4221 1566 4284 sicque
1585 4220 1755 4286 grada-

493 4325 579 4372 tim
601 4336 788 4382 crescat‚
812 4326 850 4374 si
873 4335 1116 4374 censeatur
1136 4340 1240 4372 eam
1262 4334 1550 4373 constantem
1563 4339 1754 4372 manere

492 4405 575 4449 per
595 4390 783 4452 aliquod
800 4389 1164 4450 tempusculum,
1182 4389 1326 4436 Luna
1340 4387 1608 4437 brevissime
1623 4397 1751 4435 tran-

493 4453 602 4501 sibit
636 4455 686 4501 in
725 4455 925 4502 orbitam
961 4469 992 4502 a
1013 4453 1045 4500 d
1064 4455 1097 4500 b
1118 4469 1145 4500 c
1181 4453 1254 4500 illi
1290 4453 1335 4500 vi
1373 4467 1632 4516 congruam
1665 4466 1750 4512 per

495 4517 666 4564 Theor.
713 4517 816 4566 111.
865 4533 981 4564 mox
1014 4516 1124 4564 vet-d
1157 4516 1269 4564 cum
1306 4517 1376 4564 vis
1415 4517 1535 4562 Solis
1571 4524 1746 4562 crescat

490 4581 745 4642 quantitate
765 4596 905 4644 quam
921 4579 1128 4635 minima,
1153 4596 1210 4627 ea
1228 4581 1298 4626 vis
1317 4589 1558 4627 censeatur
1571 4580 1745 4626 iterum

491 4655 706 4690 constans
725 4661 808 4704 per
829 4643 1026 4691 alterum
1041 4644 1387 4705 tempusculum
1411 4643 1620 4689 transibit
1639 4643 1743 4688 Lu-

491 4723 554 4754 na
584 4723 640 4754 ex
673 4707 822 4754 orbita
843 4709 1006 4768 primae
1026 4708 1072 4752 vi
1093 4705 1302 4770 congrua
1333 4707 1384 4753 in
1415 4707 1608 4753 alteram
1629 4705 1745 4751 huic

489 4776 776 4822 incremento
798 4781 1166 4828 consentaneam,
1189 4770 1346 4834 sicque
1365 4785 1570 4832 semper:
1609 4766 1751 4817 ides»...

1832 1919 1925 1992 que
1958 1931 2012 1978 in
2044 1929 2247 1992 sing-ulis
2284 1930 2523 1991 particulis
2554 1931 2691 1979 arcus
2728 1931 2771 1981 C
2813 1932 2871 1990 P,
2910 1935 3083 1982 censeri

1829 2003 1983 2054 potest
2004 1994 2195 2042 Lunam
2230 1993 2433 2044 delatam
2464 2009 2563 2042 esse
2592 1997 2645 2042 in
2675 1997 2873 2044 orbitam
2892 1998 2941 2043 vi
2964 1999 3083 2046 Solis

1831 2059 1883 2104 in
1904 2073 1962 2105 co
1980 2065 2156 2120 puncto
2176 2057 2334 2122 agenti
2355 2063 2631 2122 congruam.

2258 2249 2533 2301 THEOR·
2569 2249 2663 2298 VI.

1897 2375 2100 2426 Dicatur
2118 2376 2362 2425 mediocris
2378 2380 2596 2428 distantia
2612 2380 2768 2428 Lunae
2787 2395 2818 2428 a
2841 2377 3003 2437 Terra,
3025 2395 3050 2426 r
3060 2398 3077 2438 3

1829 2441 1899 2488 vis
1923 2443 2081 2490 Terrae
2118 2441 2169 2488 in
2206 2439 2265 2488 ea
2300 2443 2520 2492 distantia
2555 2445 2615 2490 sit
2640 2445 2701 2498 V,
2741 2444 2815 2505 vis
2836 2444 2956 2490 Solis
2988 2445 3079 2490 sive

1828 2505 2041 2552 addititia
2054 2503 2148 2552 sive
2160 2507 2460 2554 subm-activa
2480 2508 2552 2565 sit,
2575 2523 2682 2570 quae
2702 2507 2801 2569 agit
2821 2507 2872 2552 in
2889 2507 3079 2554 Lunam

1829 2569 2089 2616 secundum
2110 2568 2228 2614 radii
2247 2569 2452 2616 Telluris
2463 2571 2779 2627 directionem,
2803 2571 2862 2616 sit
2887 2571 2932 2617 Y
2953 2572 3004 2617 in
3024 2569 3080 2618 ea

1828 2632 2049 2679 mediocri
2070 2631 2291 2679 distantia
2319 2649 2348 2680 a
2382 2635 2542 2692 Terra,
2577 2643 2749 2680 crescat
2769 2631 2881 2680 vero
2913 2645 2970 2681 ut
2986 2634 3080 2681 dis-

1828 2697 2020 2754 tantiae5
2054 2695 2236 2743 dicatur
2255 2711 2287 2742 x
2307 2696 2400 2745 alia
2430 2699 2605 2761 quoevis
2625 2697 2845 2744 distantia
2868 2697 3021 2745 Lunae
3049 2714 3081 2746 a

2566 2763 2717 2860 nv,
2764 2810 2813 2848 et
2853 2799 2923 2846 vis
2964 2799 3081 2848 sons

1831 2797 1977 2849 Terra
1997 2799 2049 2845 in
2068 2797 2166 2862 qua
2188 2801 2255 2846 vis
2278 2801 2437 2849 Terrae
2458 2801 2546 2849 erit

1826 2943 1913 2992 erit
1942 2905 2079 3002 Ξ-Ξς
2113 2943 2219 2992 dico
2238 2945 2365 3007 quod
2396 2947 2465 2993 vis
2495 2943 2699 3005 corporis
2727 2942 2945 2992 centralis
2974 2957 3077 3006 quae

1988 2999 2013 3030 1¹

1822 3086 1875 3136 in
1906 3085 2125 3136 distantia
2158 3102 2191 3134 x
2227 3087 2348 3138 foret
2376 3052 2518 3176 53¹2!
2537 3114 2604 3128 -
2632 3047 2751 3172 ἒξ,
2784 3085 2837 3133 in
2858 3085 3077 3134 mediocri

2597 2854 2682 2888 XX

1822 3232 2040 3290 distantis
2060 3248 2160 3282 esse
2180 3232 2414 3282 debuisset
2436 3231 2487 3280 v
2506 3257 2571 3270 -
2588 3193 2659 3318 ἐξ
2684 3233 2744 3280 Y.

1887 3337 2017 3385 Nam
2038 3337 2268 3400 siquidem
2284 3335 2481 3398 fingitur
2500 3337 2596 3383 vim
2618 3334 2821 3396 corporis
2840 3336 2945 3397 ejus
2964 3350 3074 3383 cen-

1820 3399 1949 3448 tralis
1969 3401 2119 3448 fictitai
2141 3401 2271 3463 sequi
2300 3400 2455 3462 legem
2486 3399 2723 3463 gravitatis
2744 3409 2793 3446 et
2813 3399 3073 3447 decrescere

1820 3504 1945 3552 sicut
1963 3506 2191 3568 quadrata
2220 3503 2561 3562 distantiarum,
2600 3503 2683 3550 fiat
2718 3512 2775 3550 ut
2803 3468 2886 3542 -Ξ-
2914 3503 2975 3549 ad
3007 3468 3067 3540 -l-

2807 3558 2891 3589 xx
3007 3557 3074 3588 rr

1896 3609 3069 3735 ''V—{Xquaeaetvisindistantisxadv

1818 3819 1883 3832 —-
1897 3755 1965 3879 ἰ·,-Ξ
1991 3793 2037 3841 Y
2059 3807 2167 3854 quae
2186 3794 2277 3842 erit
2296 3793 2369 3840 vis
2386 3793 2437 3840 in
2457 3789 2677 3842 distantia
2696 3807 2736 3838 r.

2228 4003 2502 4054 THEOR..
2539 4001 2664 4050 VII.

1885 4135 2008 4189 Sit,x
2031 4143 2085 4181 ut
2105 4099 2235 4194 prius
2254 4133 2473 4181 distantia
2496 4131 2650 4178 Lunae
2671 4145 2700 4176 a
2722 4124 2872 4175 Tertii
2892 4126 2941 4174 in
2962 4139 3072 4186 pro-

1817 4197 1920 4262 pria
1940 4197 2105 4256 orbita,
2140 4198 2247 4246 dico
2278 4197 2405 4259 quod
2443 4211 2527 4256 per
2562 4195 2793 4242 actionem
2830 4191 2953 4239 Solis
2987 4190 3068 4236 illa

2162 4343 2206 4387 V
2227 4262 2448 4388 :3³13
2468 4355 2499 4385 x
2516 4333 2554 4374 3,
2588 4299 2685 4346 sive
2708 4299 2799 4344 hoe
2830 4295 2987 4342 valore
3018 4294 3068 4341 in

2470 4418 2502 4448 x
2523 4409 2551 4441 4
2578 4405 2625 4452 Y
2741 4416 2771 4446 x
2791 4403 2813 4437 ⁷
2839 4401 2883 4447 Y
2907 4402 2931 4428 ²

2480 4498 2506 4529 r
2526 4485 2548 4519 ³
2575 4483 2623 4529 V
2647 4442 2713 4507 'l'
2737 4495 2763 4528 r
2782 4477 2810 4510 ⁶
2838 4480 2882 4524 V
2904 4469 2947 4507 2’

2762 4559 2793 4590 x
2814 4549 2842 4582 4
2864 4543 2911 4590 Y

2773 4636 2798 4667 r
2818 4623 2841 4656 ³
2860 4613 2923 4666 V'

1872 4703 1999 4748 Nam
2022 4714 2143 4746 nova
2174 4697 2323 4744 orbita
2352 4695 2403 4741 in
2435 4707 2575 4756 quam
2601 4691 2745 4739 Luna
2767 4686 2923 4733 delata
2952 4699 3063 4732 een-

1805 4775 1948 4822 setur,
1970 4773 2039 4812 est
2060 4762 2223 4810 similis
2242 4759 2382 4822 priori
2405 4773 2489 4818 per
2513 4757 2648 4804 Lem.
2672 4753 2715 4801 Ι.
2742 4760 2791 4800 et
2809 4764 2894 4813 per
2916 4751 3054 4798 Lem.

1816 4304 2035 4352 distantia
2054 4302 2136 4350 fiet

2980 4435 3063 4482 &c-

1816 4451 1981 4498 seriem
2008 4448 2196 4497 redacto
2216 4445 2299 4493 fiet
2318 4461 2349 4493 x
2375 4443 2441 4508 -Ι-

1805 4607 1889 4645 aut
1910 4594 2091 4645 omissis
2110 4571 2321 4640 terminis
2343 4587 2591 4650 superfluis
2614 4600 2644 4632 x
2668 4586 2735 4650 -1-
