3384 5509
256 495 483 560 me
513 490 874 569 Tannus]
966 484 1451 553 PRINCIPIA
1498 449 2241 561 MATHE‘MATIC‘A.
2746 490 2828 549 29

256 682 368 715 nam
389 665 498 727 quia
520 663 564 710 P
585 671 656 709 est
677 662 798 709 inter
829 658 884 708 N
914 667 963 707 et
985 660 1038 715 Q
1055 666 1138 706 aut
1166 674 1199 721 q
1228 665 1277 704 et
1306 672 1356 718 n,
1388 665 1436 703 et
1460 656 1513 711 Q
1572 655 1625 702 in
1645 653 1901 715 quadrante
1925 653 1974 700 A
2002 653 2065 709 Q,
2105 652 2218 699 cum
2256 666 2289 697 ιι
2328 651 2387 698 sit
2421 650 2471 697 in
2504 652 2832 718 consequentia

255 731 396 779 estin
417 726 749 790 consequentia
769 722 978 785 respectu
1002 723 1068 777 N,
1103 722 1189 769 erit
1209 720 1350 769 etiam
1385 720 1429 767 P
1459 720 1511 765 in
1572 721 1785 777 respectu
1812 719 1877 774 Q,
1912 717 2001 765 erit
2023 716 2163 763 etiam
2184 714 2236 761 in
2257 714 2587 777 consequentia
2618 728 2831 775 respectu

255 791 587 855 consequentia
605 799 818 851 respectu
839 787 1000 849 puncti
1025 787 1090 843 N,
1124 795 1173 833 et
1202 785 1372 847 pariter
1393 784 1510 831 dum
1577 782 1635 837 P,
1670 782 1782 829 hinc
1803 796 1937 829 arcus
1975 780 2027 828 N
2051 781 2095 828 P
2130 780 2181 829 in
2218 778 2548 841 consequentia
2566 778 2723 825 minor
2742 780 2832 827 erit

253 874 290 903 n
311 865 520 904 versatur
540 855 591 901 in
613 851 924 901 semi-circulo
951 851 1002 907 Q
1027 851 1071 898 B
1094 865 1139 911 q,
1174 864 1208 895 n
1239 848 1380 896 estin
1399 862 1511 895 con.
1574 845 1904 902 semi-circulo,
1927 852 2127 907 utroque
2146 858 2259 906 ergo
2280 858 2391 891 casu
2412 842 2617 906 angulus
2640 843 2692 891 N
2716 844 2761 891 Τ
2786 843 2830 891 Ρ

253 920 500 983 sequentia
519 927 732 979 respectu
752 913 914 976 puncti
933 929 965 977 q
987 923 1033 961 et
1053 928 1188 961 arcus
1211 913 1307 975 Nq
1326 912 1378 959 in
1398 920 1520 958 con-'
1575 918 1645 957 est
1665 909 1905 969 positivus.
2444 947 2449 955 .
2508 937 2515 943 ·

252 986 498 1047 sequentia
527 990 742 1041 sumptus
772 994 858 1025 nec
889 994 984 1025 non
1017 993 1153 1025 arcus
1186 976 1238 1023 N
1261 976 1305 1023 P
1336 974 1514 1039 singuli
1641 974 1809 1035 Itaque
1829 972 1867 1019 si
1889 970 2093 1036 angulus
2116 971 2165 1018 A
2182 972 2227 1019 T
2244 973 2296 1020 N
2316 971 2411 1020 sive
2436 971 2469 1019 S
2494 972 2539 1019 T
2554 972 2606 1019 N
2626 970 2687 1018 sit
2706 972 2828 1032 posi-

253 1050 464 1099 minorea
491 1054 632 1097 erunt
651 1058 762 1093 areu
795 1042 846 1091 N
866 1056 902 1089 n
932 1042 1028 1091 sive
1058 1041 1262 1089 minores
1281 1039 1508 1087 semi-cir-
1573 1036 1714 1093 tivus,
1740 1036 1899 1084 ubivis
1920 1037 1979 1083 sit
2002 1036 2054 1083 N
2073 1036 2124 1082 in
2146 1035 2458 1083 semi-circulo
2485 1037 2531 1083 A
2559 1036 2612 1091 Q
2628 1036 2676 1083 B
2710 1047 2757 1082 et
2788 1037 2829 1083 si

1531 1130 1548 1149 .
1573 1100 1780 1163 angulus
1803 1101 1836 1148 S
1861 1100 1906 1149 T
1929 1101 1981 1148 N
2001 1100 2061 1147 sit·
2080 1100 2337 1161 negativus,
2360 1099 2442 1147 sed
2462 1098 2529 1147 ita
2548 1108 2603 1147 ut
2623 1100 2683 1147 sit
2706 1100 2757 1147 N
2777 1099 2831 1147 in

1574 1164 2007 1288 fflffissmtf,
2020 1163 2215 1275 3⁰32?ss
2238 1158 2317 1274 ¹3?
2318 1163 2671 1289 atatim
2669 1163 2829 1289 123}oe

2215 1260 2228 1283 ,
2808 1256 2829 1267 -

1573 1308 1719 1351 mam,
1752 1308 1878 1340 unus
1898 1308 1927 1339 ε
1947 1291 2094 1339 tribus
2114 1289 2299 1353 angulis
2320 1292 2549 1339 duntaxat
2574 1293 2663 1338 erit
2683 1307 2828 1355 nega-

1574 1357 1714 1413 tivus,
1738 1356 1835 1403 duo
1854 1354 2020 1417 reliqui
2042 1364 2181 1402 erunt
2201 1354 2397 1414 positivi,
2416 1354 2571 1415 itaque
2591 1354 2674 1414 per
2698 1354 2829 1403 Arti-

1575 1421 1738 1469 culum
1762 1426 1805 1467 2.
1832 1428 1987 1467 motus
2008 1419 2121 1466 nodi
2142 1418 2457 1482 progressivus
2477 1418 2578 1465 erit.

1641 1485 1888 1532 Existente
1909 1481 2019 1531 vet-‹⁸›
2039 1482 2216 1546 angulo
2241 1483 2275 1529 S
2298 1481 2343 1529 T
2368 1481 2420 1527 N
2442 1482 2671 1543 negativo,
2706 1492 2753 1530 et
2776 1484 2829 1530 N

1573 1548 1626 1595 in
1643 1548 1901 1627 quadrante
1920 1563 1952 1610 q
1968 1549 2013 1595 B
2035 1547 2110 1594 vel
2130 1562 2165 1593 n
2182 1546 2235 1592 in
2255 1546 2512 1609 quadrante
2531 1546 2575 1593 B
2597 1547 2661 1602 Q,
2686 1547 2831 1595 Luna

1573 1628 1683 1659 vero
1697 1612 1845 1672 posita
1857 1612 1978 1659 inter
1992 1610 2223 1659 utrumvis
2244 1609 2424 1656 nodum
2440 1617 2488 1656 et
2498 1609 2828 1670 quadraturam

1573 1676 1849 1737 proximam,
1872 1675 2039 1738 reliqui
2070 1675 2168 1722 duo
2198 1672 2363 1737 anguli
2402 1674 2455 1729 Q
2476 1673 2520 1720 T
2547 1673 2602 1728 P,
2638 1673 2690 1721 N
2715 1675 2760 1721 T
2786 1674 2829 1721 P

1573 1740 1779 1802 negativi
1800 1749 1951 1797 erunt,
1986 1739 2132 1801 liquet
2150 1734 2436 1789 enimfacile
2456 1746 2689 1799 punctum
2713 1738 2757 1785 P
2777 1738 2829 1785 in

1572 1801 1662 1851 hac
1677 1804 1919 1865 hypothesi
1933 1802 2099 1850 versari
2108 1802 2171 1853 „in
2185 1801 2316 1849 semi·
2324 1800 2500 1849 circulo
2510 1816 2543 1863 q
2562 1800 2607 1848 B
2630 1802 2678 1856 Q
2698 1798 2829 1848 ide6-

1573 1882 1665 1930 que
1685 1867 1918 1930 angulum
1943 1868 1996 1923 Q
2019 1868 2064 1915 T
2088 1866 2131 1914 P
2152 1880 2251 1913 esse
2270 1866 2539 1929 negativum
2559 1882 2574 1921 ;
2606 1874 2830 1925 preterea

1571 1932 1684 1993 quia
1719 1947 1750 1993 q
1782 1940 1853 1979 est
1871 1932 1924 1978 in
1944 1929 2263 1979 antecedentia
2282 1938 2495 1990 respectu
2517 1928 2568 1975 N
2590 1944 2646 1975 ex
2679 1930 2828 1990 hypo-

1571 1994 1706 2051 thei,
1735 1996 1778 2042 P
1798 2004 1867 2042 est
1882 1996 2021 2042 etiam
2041 1995 2093 2041 in
2114 1993 2433 2042 antecedentia
2452 2002 2666 2053 respectu
2691 1994 2756 2047 N,
2780 2003 2829 2041 et

1571 2060 1685 2121 quia
1706 2060 1757 2114 Q
1773 2068 1843 2106 εει
1862 2059 1914 2105 in
1935 2059 2263 2121 consequentia
2276 2067 2490 2117 respectu
2509 2072 2557 2111 n,
2582 2056 2671 2104 erit
2687 2057 2829 2105 etiam

1577 2122 1624 2170 P
1643 2124 1693 2169 in
1716 2124 2045 2185 consequentia
2063 2131 2344 2183 respectun,
2378 2117 2579 2182 ide6que
2599 2129 2830 2181 punctum

1578 2187 1632 2235 N
1662 2186 1771 2249 plus
1790 2187 2104 2233 semi-circulo
2124 2202 2153 2233 a
2172 2194 2351 2246 puncto
2376 2184 2419 2231 P
2437 2183 2638 2239 distabit,
2673 2185 2831 2247 itaque

256 2245 382 2302 culo,
421 2260 534 2309 ergo
569 2254 769 2308 utroque
801 2258 911 2294 casu
945 2242 1151 2308 angulus
1190 2244 1243 2293 N
1276 2245 1322 2293 Τ
1347 2244 1391 2293 P
1426 2245 1514 2293 erit
1576 2250 1673 2297 sive
1693 2250 1755 2297 sit
1774 2251 1818 2297 P
1832 2251 1953 2297 inter
1972 2267 2005 2314 q
2024 2260 2073 2297 et
2095 2250 2159 2304 N,
2178 2249 2273 2295 sive
2288 2248 2410 2295 inter
2430 2262 2464 2293 n
2485 2255 2534 2294 et
2557 2248 2610 2303 Q
2627 2248 2679 2294 in
2692 2250 2831 2296 semi-

256 2309 499 2370 positivus.
714 2336 724 2347 ·
1577 2314 1754 2361 circulo
1790 2330 1821 2376 q
1846 2314 1891 2362 B
1919 2315 1982 2371 Q,
2021 2323 2113 2361 tres
2148 2311 2312 2375 anguli
2332 2319 2473 2358 erunt
2491 2312 2709 2373 negativi,
2748 2313 2833 2361 sed

321 2372 556 2421 Manente
594 2375 640 2421 A
666 2373 712 2420 T
745 2373 797 2420 N
831 2372 1027 2433 positivo
1062 2372 1156 2420 sint
1194 2374 1264 2421 N·
1280 2373 1355 2421 val
1392 2389 1427 2419 n
1462 2373 1513 2421 in
1575 2394 1659 2439 per
1675 2379 1779 2425 Art.
1795 2384 1841 2425 4.
1868 2394 1927 2426 eo
1946 2392 2080 2425 casus
2094 2386 2251 2424 motus
2266 2376 2379 2423 nodi
2400 2383 2469 2423 est
2489 2376 2828 2439 progressivus3

255 2437 574 2485 semi-circulo
599 2438 649 2492 Q
673 2437 718 2484 A
742 2452 787 2499 q,
817 2444 920 2483 tum
943 2436 1054 2499 quia
1078 2436 1122 2484 P
1141 2446 1212 2485 est
1231 2437 1352 2484 inter
1388 2439 1439 2493 Q
1468 2447 1515 2485 et
1577 2458 1690 2504 ergo
1712 2442 1764 2488 in
1784 2442 1915 2489 omni
1937 2457 2063 2499 casu,
2103 2440 2141 2487 si
2181 2435 2325 2488 Luna
2344 2440 2404 2487 sit
2422 2439 2546 2489 inter
2565 2439 2747 2487 nodum
2783 2450 2832 2489 et

258 2500 310 2548 N
323 2510 412 2548 aut
431 2516 464 2547 n
487 2510 535 2547 et
553 2516 598 2562 q,
617 2500 703 2550 erit
715 2500 857 2547 etiam
876 2501 983 2548 Pin
1000 2501 1314 2549 semi-circulo
1333 2502 1386 2557 Q
1402 2502 1449 2547 A
1465 2518 1512 2563 q,
1578 2505 1909 2569 quadraturam
1929 2505 2205 2567 proximam,
2229 2504 2342 2553 nodi
2363 2502 2739 2566 progrediuntur.

257 2561 464 2626 ideoque
483 2564 686 2627 angulus
727 2565 778 2619 Q
799 2564 844 2611 T
866 2565 909 2611 P
943 2564 1030 2612 erit
1050 2565 1287 2625 positivus,
1322 2566 1402 2613 sed
1432 2580 1518 2612 an-
1740 2567 1749 2575 '

255 2629 402 2690 gulus
427 2629 479 2675 N
501 2629 547 2675 T
571 2628 615 2676 P
645 2628 732 2676 erit
753 2628 1009 2691 negativus,
1034 2644 1144 2675 nam
1160 2628 1272 2691 quia
1295 2630 1348 2685 Q
1376 2638 1446 2677 est
1465 2630 1518 2677 in

255 2691 580 2739 antecedentia
599 2699 808 2753 respectu
829 2694 990 2752 puncti
1017 2693 1080 2748 N,
1110 2693 1153 2740 P
1173 2694 1294 2739 inter
1319 2694 1369 2749 Q
1393 2704 1442 2741 et
1464 2695 1517 2741 N

255 2758 466 2815 positum
486 2756 574 2803 erit
606 2754 656 2801 in
689 2756 1008 2803 antecedentia
1027 2766 1238 2819 respectu
1271 2757 1352 2815 N3
1373 2766 1434 2803 ,et
1463 2758 1516 2804 in

255 2834 364 2866 casu
385 2834 486 2883 quo
522 2820 566 2867 P
594 2818 716 2866 foret
735 2819 857 2866 inter
875 2835 910 2866 ιι
931 2830 976 2867 ει
997 2836 1030 2884 q
1049 2821 1160 2883 quia
1185 2836 1218 2883 q
1247 2829 1318 2868 est
1348 2821 1400 2867 in
1427 2822 1516 2869 hac

255 2883 504 2945 hypothesi
533 2884 584 2931 in
617 2883 944 2944 consequentia
973 2893 1184 2945 respectu
1221 2899 1272 2941 n,
1316 2884 1360 2932 P
1395 2884 1515 2933 foret

257 2948 402 2993 etiam
423 2947 475 2993 in
495 2948 824 3009 consequentia
843 2957 1056 3009 respectu
1089 2963 1135 3003 n,
1175 2945 1376 3011 ide6que
1405 2949 1514 3009 plus

256 3011 388 3057 semi-
396 3012 574 3058 circulo
595 3026 624 3058 a
643 3019 819 3070 puncto
851 3012 904 3059 N
933 3012 1140 3070 distaret,
1169 3020 1370 3075 utroque
1399 3027 1514 3076 ergo

258 3089 365 3122 casu
388 3075 598 3137 angulus
620 3075 671 3122 N
696 3076 740 3123 T
767 3076 808 3121 P
828 3077 1072 3139 negativus
1091 3076 1224 3123 foret.
1342 3080 1359 3128 “,
1569 3062 1652 3107 s...

324 3138 398 3185 Sit
434 3138 639 3201 angulus
675 3140 724 3187 A
750 3141 794 3188 T
819 3140 868 3187 N
902 3139 1161 3203 negativus,
1183 3140 1336 3201 sitque
1373 3140 1425 3187 N
1461 3140 1514 3187 in

258 3202 516 3263 quadrante
535 3218 566 3265 q
593 3204 656 3259 A,
679 3204 755 3251 vel
774 3219 808 3249 n
828 3204 880 3250 in
900 3204 1156 3265 quadrante
1179 3206 1226 3253 A
1253 3205 1315 3259 Q.
1339 3213 1388 3252 et
1409 3204 1516 3251 Lu-

259 3265 320 3311 na
344 3266 388 3313 P
411 3266 533 3313 inter
571 3266 620 3313 N
658 3276 706 3315 et
735 3284 766 3330 q
797 3267 872 3315 vel
891 3284 924 3313 n
945 3277 993 3315 et
1018 3269 1083 3324 Q
1119 3266 1264 3331 liquet
1282 3270 1514 3331 angulum

263 3330 311 3383 Q
325 3331 369 3376 T
387 3330 432 3377 P
452 3330 551 3377 fore
562 3331 828 3391 positivum,
841 3331 952 3394 quia
970 3340 1043 3379 est
1063 3332 1108 3379 P
1127 3331 1179 3377 in
1200 3330 1514 3381 semi-circulo

266 3395 317 3449 Q
336 3394 383 3440 A
411 3408 442 3455 q
459 3411 474 3450 3
506 3395 710 3457 angulus
729 3404 888 3443 autem
913 3394 964 3443 N
987 3396 1033 3442 T
1057 3395 1100 3443 P
1121 3395 1210 3443 erit
1227 3396 1368 3443 etiam
1389 3396 1513 3456 posi·

261 3458 396 3515 tima,
422 3458 1512 3525 namsitNinquadranteqmqestincon-

1710 3588 1774 3635 In
1816 3589 2033 3638 omnibus
2070 3586 2172 3637 aliis
2208 3585 2389 3635 casibus
2424 3594 2584 3633 motus
2618 3584 2731 3633 nodi
2764 3594 2833 3633 est

1643 3653 1955 3715 regressivus3
1990 3668 2102 3701 nam
2122 3650 2310 3715 quando
2343 3666 2507 3698 omnes
2526 3649 2691 3713 anguli
2723 3657 2835 3697 sunt

1642 3716 1843 3775 positivi,
1866 3718 1940 3765 vel
1961 3716 2148 3780 quando
2178 3716 2276 3763 duo
2297 3713 2460 3778 anguli
2481 3723 2592 3761 sunt
2613 3712 2831 3775 neg‘ativi,

1643 3789 1693 3827 ει
1714 3782 1877 3828 tertius
1898 3780 2133 3841 positivus,
2156 3789 2313 3827 motus
2334 3777 2448 3826 nodi
2463 3777 2745 3841 regressivus
2764 3784 2835 3823 est

1643 3858 1729 3903 per
1768 3845 1874 3892 Art.
1906 3850 1949 3892 1.
1976 3856 2023 3893 et
2044 3851 2110 3901 5.,
2149 3844 2427 3893 alterutrum
2461 3852 2620 3889 autem
2654 3840 2837 3888 evenire

1644 3922 1833 3956 necesse
1866 3918 1936 3957 est
1968 3908 2076 3957 cum
2117 3909 2161 3957 P
2196 3923 2295 3955 non
2327 3917 2398 3954 est
2433 3906 2555 3953 inter
2574 3905 2754 3953 nodum
2789 3913 2837 3950 et

1645 3973 1975 4034 quadraturam
1995 3962 2284 4034 proximam3
2313 3972 2403 4018 hoc
2423 3969 2549 4018 enim
2572 3968 2735 4031 posito,
2760 3968 2833 4022 sit,

1495 4060 1556 4110 Β
1645 4044 1702 4083 ιιι
1736 4038 1878 4098 prius,
1903 4034 2127 4100 angulus'
2146 4038 2180 4083 S
2204 4036 2249 4085 T
2272 4034 2324 4083 N
2357 4034 2597 4097 positivus,
2631 4042 2680 4081 et
2713 4032 2763 4078 N
2783 4031 2837 4099 in

1645 4101 1903 4164 quadrante
1946 4104 1997 4157 Q
2030 4102 2074 4149 T
2100 4101 2160 4155 A.
2197 4108 2245 4147 et
2281 4099 2325 4147 P
2357 4097 2511 4145 ubivis
2542 4098 2665 4144 inter
2703 4095 2753 4143 N
2788 4103 2836 4142 et

1644 4166 1940 4213 remotiorem
1962 4166 2290 4228 quadraturam
2310 4178 2357 4225 q,
2380 4161 2454 4208 vel
2476 4161 2599 4209 inter
2628 4176 2661 4207 n
2693 4168 2742 4206 et
2762 4174 2834 4205 re.

1645 4230 1893 4277 motion-em
1913 4229 2242 4291 quadraturam
2260 4228 2337 4283 Q;
2362 4226 2399 4273 si
2426 4226 2469 4273 P
2491 4226 2551 4271 sit
2570 4224 2692 4271 inter
2714 4222 2766 4270 N
2786 4230 2835 4269 et

1644 4310 1689 4356 q,
1714 4295 1917 4357 angulus
1933 4296 1983 4350 Q
2006 4294 2051 4340 T
2067 4292 2111 4341 Ρ
2122 4302 2191 4340 est
2210 4290 2447 4351 positivus,
2462 4288 2693 4350 siquidem
2710 4286 2754 4333 P
2767 4294 2839 4332 ert

1594 4387 1600 4394 ·
1646 4359 1699 4405 in
1716 4358 2035 4407 aemi-circulo
2054 4359 2153 4413 QA
2163 4373 2209 4419 q,
2224 4364 2272 4402 a
2286 4353 2399 4417 quia
2418 4353 2468 4400 N
2483 4362 2554 4401 est
2570 4366 2699 4397 nuuc
2714 4351 2838 4397 inter

1649 4423 1693 4470 P
1726 4432 1773 4471 et
1808 4423 1868 4478 Q,
1899 4432 1948 4469 et
1970 4422 2017 4467 N
2038 4420 2173 4468 estin
2192 4416 2520 4479 consequentia
2534 4423 2744 4475 respectu
2771 4415 2835 4469 Q,

1647 4487 1736 4535 erit
1759 4486 1803 4534 P
1822 4487 1875 4533 in
1896 4483 2222 4547 consequentia
2242 4490 2453 4541 respectu
2478 4480 2529 4529 N
2552 4494 2664 4536 ergo
2685 4493 2839 4540 angu-

1591 4582 1598 4591 ·
1648 4552 1727 4599 lus
1751 4550 1800 4597 N
1820 4551 1865 4598 T
1882 4550 1926 4597 P
1942 4558 2012 4596 est
2030 4547 2276 4607 positivus3
2298 4546 2337 4591 si
2366 4544 2409 4591 P
2429 4544 2488 4591 sit
2507 4543 2629 4589 inter
2649 4558 2683 4588 n
2700 4550 2748 4589 et
2774 4542 2836 4597 Q.

1643 4615 1848 4678 angulus
1884 4615 1934 4668 Q
1956 4614 2001 4660 T
2024 4613 2069 4660 P
2088 4620 2159 4659 eat
2188 4607 2445 4671 negativus,
2480 4606 2561 4654 sed
2592 4618 2641 4653 et
2670 4604 2842 4665 pariter

269 4685 506 4747 sequentia
524 4691 736 4746 respectu
769 4684 836 4742 N,
873 4700 986 4747 ergo
1011 4686 1055 4733 P
1074 4685 1202 4747 quod
1229 4691 1298 4732 est
1317 4684 1438 4732 inter
1470 4683 1522 4731 N
1588 4680 1793 4743 angulus
1816 4678 1865 4725 N
1883 4677 1928 4726 T
1944 4676 2001 4731 P,
2024 4690 2139 4750 nam
2158 4673 2271 4749 cum
2297 4672 2339 4720 P
2362 4671 2490 4719 sitin
2512 4685 2651 4717 conse
2683 4669 2843 4741 nentia

269 4761 314 4796 et
334 4766 366 4813 q
384 4759 456 4799 est
475 4751 617 4799 etiam
637 4750 690 4799 in
710 4750 1038 4813 consequentia
1058 4761 1268 4811 respectu
1293 4748 1376 4809 N3
1409 4748 1470 4797 sit
1489 4762 1524 4794 ιι
1588 4753 1801 4807 respectu
1817 4758 1865 4801 n,
1882 4740 1989 4804 plus
2001 4737 2317 4790 semi-circulo
2331 4752 2360 4785 a
2376 4744 2553 4798 puncto
2568 4735 2617 4782 N
2756 4734 2837 4780 bnt.

1511 4831 1606 4879 C2

901 3641 1252 3707 PQP
