3384 5509
528 408 649 464 148
1135 399 1823 466 PHILOSOPHIAE
1868 400 2418 468 NATURALIS
2482 402 2627 480 [DE
2650 400 2899 467 Mum).
2923 403 3110 468 Srsr.

503 570 958 634 observatione
984 568 1187 654 prima
1217 591 1292 633 ac
1320 570 1501 635 tertia
1529 572 2028 658 quamproxime,
2063 573 2116 638 si
2144 571 2336 637 modo
2369 571 2426 637 B
2456 572 2537 637 sit
2572 572 2748 637 locus
2777 574 2914 659 ejus
2942 573 3112 638 recte

521 688 879 761 assumptus
907 676 975 738 in
1003 675 1436 741 observatione
1463 676 1755 741 secunda.

518 828 524 833 ι
614 783 721 847 Ad
751 782 814 845 A
849 782 904 845 C
933 781 1232 845 bisectam
1276 783 1345 845 in
1389 783 1424 847 I
1454 784 1627 870 erige
1667 783 2187 868 perpendiculum
2217 774 2259 848 1'
2281 783 2323 848 i.
2416 783 2542 847 Per
2568 794 2875 867 punctum
2906 783 2966 847 B
2995 807 3114 871 age

527 892 836 956 occultam
869 891 971 955 Bi
999 890 1120 975 ipsi
1150 892 1213 955 A
1238 892 1294 960 G
1322 892 1705 976 parallelam.
1765 894 1973 979 Junge
1992 891 2301 955 occultam
2333 891 2424 956 Si
2456 902 2768 955 secantem
2797 891 2860 956 A
2887 891 2945 955 C
2965 892 3035 954 in
3053 904 3110 969 λ,

525 1010 590 1063 et
634 998 879 1081 comple
920 998 1576 1086 parallelogrammum
1618 999 1642 1061 i
1672 999 1708 1062 I
1731 995 1778 1058 ’λ
1801 1023 1866 1073 μ.
1960 998 2134 1082 Cape
2178 998 2213 1061 I
2244 1022 2273 1059 σ
2299 997 2607 1083 aequalem
2653 1007 2690 1061 3
2723 997 2756 1061 I
2787 1007 2848 1074 λ,
2894 1009 2958 1061 et
2997 1019 3113 1082 per

522 1104 741 1169 Solem·
769 1104 815 1169 S
845 1124 963 1190 age
991 1103 1301 1168 occultam
1331 1129 1359 1165 σ
1388 1105 1423 1185 ξ
1450 1102 1758 1190 aequalem
1788 1112 1826 1167 3
1861 1103 1908 1167 S
1939 1123 1968 1164 σ
2004 1112 2069 1177 ÷
2113 1112 2149 1169 3
2181 1102 2204 1165 i
2233 1113 2293 1167 λ.
2383 1102 2468 1167 Et
2496 1102 2718 1166 deletis
2751 1103 2886 1189 jam
2916 1102 3113 1168 literis

520 2368 604 2444 A,
641 2368 719 2446 Ε,
756 2369 835 2447 C,
869 2370 922 2447 Ι,
955 2393 992 2434 a
1020 2381 1259 2454 puncto
1292 2370 1351 2435 B
1379 2392 1594 2435 versus
1621 2384 1928 2457 punctum
1957 2375 1994 2454 ξ
2021 2373 2145 2438 duc
2174 2375 2480 2440 occultam
2505 2398 2733 2441 novam
2766 2378 2823 2441 B
2858 2377 2935 2454 E,
2969 2398 3121 2461 quae

528 2484 609 2547 sit
650 2484 733 2547 ad
772 2485 1051 2568 priorem
1085 2486 1154 2549 >B
1177 2485 1263 2550 ,Ε
1304 2486 1371 2548 in
1414 2486 1731 2570 duplicata
1772 2489 2012 2553 ratione
2055 2489 2367 2554 distantiae
2413 2492 2470 2555 B
2504 2492 2550 2556 S
2593 2488 2674 2553 ad
2705 2486 3116 2573 quantitatem

524 2591 572 2653 S
598 2616 645 2666 μ
683 2599 748 2665 ÷
788 2592 825 2670 ὲ
857 2591 879 2654 i
909 2602 967 2654 λ.
1058 2590 1146 2655 Et
1185 2613 1312 2676 per⁹
1343 2604 1648 2678 punctum
1679 2594 1738 2657 E
1777 2595 2004 2659 iterum
2035 2594 2158 2659 duc
2187 2610 2420 2660 rectam
2450 2598 2512 2661 A
2544 2596 2604 2660 E
2637 2594 2693 2658 C
2721 2592 2941 2657 eadem
2973 2591 3120 2677 lege

522 2719 597 2760 ac
638 2699 832 2783 prius»,
878 2699 946 2763 id
990 2712 1101 2779 est,
1148 2702 1237 2765 ita
1280 2713 1353 2764 ut
1395 2702 1526 2787 ejus
1568 2714 1778 2786 partes
1809 2704 1872 2767 A
1903 2704 1962 2768 E
1993 2716 2056 2768 et
2099 2705 2156 2768 E
2190 2705 2246 2771 C
2276 2706 2397 2770 sint
2425 2706 2508 2769 ad
2536 2705 2823 2781 invicem,
2856 2714 2926 2765 ut
2952 2714 3118 2764 tem-

516 2828 676 2889 pora
732 2809 897 2873 inter
954 2810 1419 2875 observationes
1477 2811 1540 2877 V
1596 2823 1660 2875 et
1718 2812 1832 2877 W.
1955 2814 2042 2878 Et
2093 2826 2275 2879 erunt
2321 2814 2385 2878 A
2433 2826 2498 2879 et
2551 2812 2608 2878 C
2657 2812 2802 2876 loca
2849 2822 3117 2875 cometae

519 2914 592 2999 (⁸)
623 2916 822 3003 magis
854 2916 1164 2983 accurate.

519 3099 577 3139 ut
602 3090 635 3138 S
662 3091 713 3139 R
734 3093 760 3121 ²
782 3092 841 3141 ad
869 3093 902 3141 S
923 3100 945 3141 t
964 3095 1008 3151 ²,
1031 3102 1079 3141 et
1099 3093 1247 3154 spatia
1266 3092 1430 3142 eodem
1453 3102 1675 3155 tempore,
1705 3109 1790 3141 ur·
1848 3094 2123 3158 trajectoriae
2153 3110 2254 3145 suae
2289 3111 2450 3145 arcum
2485 3096 2795 3156 interceptum
2832 3094 2955 3141 inter
2991 3092 3113 3139 duas

522 3155 743 3217 gentibus
764 3155 856 3203 iuis
877 3158 1053 3205 viribus
1071 3157 1289 3205 deorsum
1312 3174 1468 3204 versus
1494 3159 1666 3217 Solem,
1702 3158 1786 3205 de-
1849 3158 2169 3222 longitudines
2202 3162 2248 3208 T
2277 3162 2337 3216 A,
2377 3163 2423 3209 Τ
2454 3162 2511 3217 C,
2544 3158 2744 3221 ideoque
2776 3170 3008 3219 punctum
3044 3158 3114 3211 R.

515 3219 703 3282 scripta,
727 3231 838 3269 sunt
858 3224 979 3268 inter
999 3237 1049 3268 se
1070 3232 1126 3269 ut
1146 3221 1264 3269 vires
1287 3223 1447 3287 (Lem.
1474 3223 1541 3271 X.
1563 3222 1782 3294 Lib-¹105
1847 3234 1934 3333 est·
1950 3224 2000 3270 in
2036 3223 2171 3300 afcsss
2201 3223 2552 3337 igiusbclrorltla.
2587 3288 2600 3299 ⁸
2626 3223 2786 3333 Udtgdei)
2789 3224 2827 3270 si
2859 3232 2966 3334 ‘'FUA
2978 3234 3119 3331 arcmT
3070 3285 3116 3331 c

1867 3303 1918 3333 ra
1936 3298 2118 3334 ectornae
2362 3304 2451 3335 mis
2520 3305 2549 3334 n
2602 3297 2654 3335 tu
2706 3302 2752 3333 m
2787 3302 2844 3333 us

1761 3342 1785 3355 ⁴
1847 3290 3120 3477 3322333335133333{033035233332233

1846 3488 1971 3536 nata,
1996 3480 2166 3541 nempe
2190 3482 2255 3537 A,
2283 3482 2343 3539 B,
2372 3482 2413 3529 C
2435 3489 2482 3528 et
2507 3481 2570 3536 E,
2605 3481 2693 3527 erit
2713 3488 2944 3539 punctum
2981 3476 3026 3523 E
3059 3476 3116 3521 in

1848 3542 2022 3590 chorda
2043 3544 2176 3592 arcfis
2200 3548 2246 3592 A
2274 3545 2318 3592 Β
2337 3546 2393 3593 C.
2468 3545 2559 3592 Sed
2581 3543 2754 3591 chorda
2773 3541 2909 3589 arcus
2934 3542 2979 3588 A
3004 3542 3047 3588 B
3065 3541 3113 3588 C

1847 3606 2068 3654 dividitur
2098 3625 2129 3655 a
2157 3609 2282 3657 recta
2318 3610 2351 3657 S
2377 3610 2421 3656 B
2454 3609 2552 3656 fere
2573 3609 2623 3655 in
2645 3608 2824 3655 ratione
2843 3615 3117 3666 temporum

1847 3671 2017 3733 quibus
2038 3683 2217 3720 cometa
2249 3673 2310 3720 ad
2342 3673 2601 3733 eclipticam
2624 3673 2858 3726 reductus,
2893 3669 3117 3717 describit

1846 3749 1982 3782 arcus
2008 3737 2053 3782 A
2081 3737 2140 3791 B,
2160 3738 2212 3784 B
2241 3738 2297 3795 C,
2334 3737 2495 3801 (165.)
2529 3746 2578 3785 et
2611 3743 2715 3799 (per
2736 3734 2933 3794 constr.)
2957 3736 3008 3779 in
3030 3731 3115 3779 εἰ·

1846 3798 1956 3845 dem
1977 3800 2154 3847 ratione
2186 3800 2409 3848 dividitur
2439 3811 2564 3849 recta
2596 3802 2641 3848 A
2670 3801 2728 3855 C,
2762 3799 2989 3860 nullaque
3020 3798 3118 3844 alia

1846 3862 1972 3910 hisce
1991 3865 2335 3913 conditionibus
2358 3875 2505 3925 potest
2525 3865 2800 3913 satisfacere·
2870 3861 2999 3911 cum
3023 3862 3116 3923 igi-

1845 3936 1926 3974 tur
1961 3938 2171 3987 oporteat
2204 3929 2425 3976 chordam
2463 3928 2599 3976 atesis
2635 3929 2733 3991 qui,
2755 3939 2826 3975 ost
2858 3926 3115 3987 vestigium

1845 3991 2070 4051 portionis
2115 3994 2386 4056 trajectoriae
2429 3994 2550 4041 inter
2591 3992 2910 4053 longitudines
2955 3992 3002 4038 T
3045 3993 3112 4047 A,

1850 4056 1895 4102 T
1921 4056 1959 4102 C
1983 4056 2260 4117 interceptae,
2286 4074 2315 4106 a
2336 4060 2472 4105 rectis
2497 4059 2542 4106 T
2566 4058 2628 4113 A,
2668 4058 2713 4105 T
2739 4058 2779 4105 C
2802 4054 3042 4103 terminari
3062 4064 3118 4101 et

1843 4133 1928 4179 per
1964 4121 2007 4167 E
2040 4122 2232 4169 transire
2263 4131 2311 4169 et
2337 4121 2386 4168 in
2420 4123 2466 4169 Ε
2488 4121 2632 4168 dividi
2654 4122 2704 4167 in
2725 4121 2904 4167 ratione
2925 4129 3113 4178 tempo-

1844 4198 1968 4240 rum,
2004 4184 2206 4246 cumque
2228 4197 2354 4233 recta
2389 4188 2436 4233 A
2464 4188 2505 4234 C
2539 4186 2676 4233 hasce
2697 4185 2989 4232 conditiones
3011 4183 3114 4230 sola

1844 4256 1893 4293 et
1925 4250 2064 4295 unica
2095 4250 2313 4307 obtineat,
2348 4249 2538 4297 evidens
2559 4261 2629 4297 est
2648 4257 2823 4296 rectam
2860 4250 2906 4295 A
2935 4248 2975 4295 C
3009 4263 3113 4293 esse

1843 4312 2061 4359 chordam
2079 4313 2287 4372 praedicti
2304 4313 2448 4368 arcfis,
2468 4330 2522 4361 ac
2538 4312 2733 4374 proinde
2748 4321 2922 4372 puncta
2943 4312 3048 4357 Aet
3067 4312 3111 4359 C

1844 4387 1955 4421 sunt
1998 4376 2349 4437 quamproxime
2390 4378 2584 4440 vestigia
2627 4386 2823 4424 cometae
2871 4376 2923 4422 in
2964 4375 3111 4434 plano

1844 4439 2069 4499 eclipticae
2102 4442 2150 4487 in
2183 4442 2579 4489 observationibus
2615 4439 2768 4502 prima
2799 4450 2848 4487 et
2880 4438 3031 4492 tertia,
3067 4440 3109 4486 si

1842 4501 1987 4550 modo
2013 4504 2055 4549 Β
2080 4503 2139 4552 sit
2171 4505 2302 4552 locus
2323 4507 2427 4569 ejus
2446 4503 2571 4553 recte
2591 4514 2856 4565 assumptus
2875 4505 2928 4550 in
2949 4507 3111 4551 obser-

505 4567 649 4628 quare
669 4563 793 4603 recta
818 4556 869 4604 R
889 4572 931 4614 e,
964 4566 1034 4606 est
1054 4560 1256 4621 spatium
1289 4578 1373 4622 per
1391 4563 1522 4625 quod
1545 4574 1728 4613 cometa
1749 4582 1778 4615 e
1843 4568 2026 4613 vatione
2047 4566 2266 4616 secunda.

504 4626 663 4691 quiete
705 4635 761 4666 ex
812 4621 859 4667 R
909 4621 1137 4670 demissus
1176 4640 1336 4673 versus
1384 4628 1543 4675 Solem
1589 4629 1778 4678 caderet
1911 4630 1976 4694 (⁸)
2002 4636 2029 4662 ⁹
2055 4634 2211 4694 Magis
2231 4632 2463 4681 accurat&
2538 4633 2776 4689 Quoniam
2802 4634 2909 4696 (per
2928 4643 3102 4679 constr.

504 4697 691 4728 semisse
712 4686 934 4758 temporis
953 4702 1048 4748 quo
1073 4689 1219 4736 Terra
1239 4689 1460 4739 describit
1481 4708 1645 4739 arcum
1672 4696 1718 4742 T
1739 4706 1774 4751 t,
1844 4695 2070 4757 praeced.)
2103 4707 2371 4758 assumptus
2401 4707 2472 4745 est
2498 4696 2630 4745 locus
2664 4698 2709 4745 B
2743 4713 2852 4744 vero
2875 4712 2968 4744 non
2992 4697 3106 4743 satis

502 4745 602 4817 hoc*
624 4755 710 4803 est,
744 4762 933 4796 semisse
964 4752 1189 4812 temporis
1220 4768 1317 4816 quo
1347 4766 1534 4803 cometa
1558 4757 1776 4806 describit
1843 4759 2098 4820 proximus,
2144 4772 2193 4809 et
2244 4761 2354 4810 licet
2405 4760 2619 4810 accurate
2660 4770 2878 4824 sumptus
2920 4762 3102 4819 fui5set,
3122 4762 3136 4775 '
