3384 5509
538 416 576 469 4
1095 402 1781 473 PHILOSOPHIAE
1826 401 2375 468 NATURALIS
2465 402 2609 483 [DE
2640 402 2885 469 Μυκη.
2922 404 3143 471 svs-r.

973 659 1542 729 PROPOSITIO
1589 660 1852 726 XXVI.
1943 659 2465 725 PROBLEMA
2508 661 2663 725 VII.

546 836 829 901 Invenire
855 824 1269 897 incrementum
1297 835 1606 897 horarium
1633 853 1797 897 areae
1824 854 2001 917 quam
2028 832 2237 910 Luna,
2266 835 2447 899 radio
2474 836 2561 898 ad
2594 834 2849 900 Terram
2876 838 3105 912 ducto,

1377 943 1446 1003 in
1473 941 1613 1004 orbe
1640 942 1929 1003 circadari
1956 941 2253 1005 describit.

625 1112 920 1177 Diximus
967 1135 1196 1190 aream,
1246 1134 1434 1199 quam
1483 1112 1668 1177 Luna
1714 1111 1893 1176 radio
1938 1111 2020 1176 ad
2068 1113 2335 1177 Terram
2382 1113 2573 1178 ducto
2598 1114 2917 1193 describit,
2974 1136 3135 1178 esse

537 1218 798 1303 tempori
842 1218 1393 1303 proportionalem,
1455 1217 1576 1281 nisi
1621 1217 1927 1304 quatenus
1968 1230 2175 1283 motus
2214 1218 2453 1281 lunaris
2509 1219 2591 1286 ab
2647 1219 2891 1284 actione
2938 1218 3134 1284 Solis

535 1324 838 1389 turbatur.
932 1324 1426 1409 Inaequalitatem
1453 1324 1775 1400 momenti,
1809 1324 1907 1387 vel
1935 1324 2305 1388 incrementi
2332 1325 2568 1387 horarii
2595 1323 2703 1387 hic
2729 1325 3132 1411 investigan-

533 1430 682 1495 dam
698 1429 1126 1515 proponimus·
1187 1431 1282 1495 Ut
1309 1430 1690 1513 computatio
1715 1428 1954 1493 facilior
1973 1429 2291 1506 reddatur,
2324 1429 2633 1515 fingamus
2656 1430 2875 1495 orbem
2900 1431 3133 1495 Lunae

535 1538 900 1601 circularem
927 1560 1083 1615 esse,
1128 1548 1192 1601 et
1219 1535 1668 1622 nmqualitates
1697 1558 1916 1600 omnes
1946 1535 2354 1622 negligamus,
2400 1534 2476 1599 ea
2520 1534 2651 1600 solii
2691 1536 2983 1620 excepta,
3038 1536 3131 1601 de

535 1646 656 1733 qua
684 1645 790 1711 hic
819 1648 1044 1735 agitur.
1119 1646 1226 1713 Ob
1254 1647 1574 1733 ingentem
1593 1642 1747 1709 vero
1772 1644 1937 1711 Solis
1958 1644 2336 1723 distantiam,
2366 1666 2675 1729 ponamus
2696 1645 2886 1709 etiam
2908 1644 3130 1711 lineas

537 1754 584 1818 S
619 1754 694 1830 P,
748 1755 794 1819 S
835 1754 898 1819 T
945 1753 1062 1819 sibi
1108 1754 1374 1817 invicem
1416 1751 1744 1837 parallelas

535 1882 692 1923 esse.
784 1860 865 1944 (¹)
915 1860 1066 1923 Hoc
1093 1870 1278 1943 pacto
1307 1858 1402 1921 vis
1431 1858 1494 1923 L
1525 1855 1604 1923 M
1646 1880 1749 1922 re·-

533 1966 798 2032 ducetur
832 1988 1078 2050 semper
1107 1966 1188 2029 ad
1217 1964 1597 2031 mediocrem
1640 1986 1746 2041 su-

534 2094 634 2136 am
659 2074 1064 2159 quantitatem
1087 2072 1150 2137 T
1171 2073 1245 2151 P,
1279 2085 1347 2136 ut
1377 2084 1440 2136 et
1467 2072 1560 2135 vis
1579 2072 1642 2135 T
1663 2070 1745 2135 M

532 2178 617 2242 ad
665 2178 1048 2241 mediocrem
1107 2200 1281 2241 suam
1339 2177 1748 2263 quantitatem

535 2294 574 2349 3
607 2284 664 2349 Ρ
688 2284 773 2350 Κ.
864 2286 995 2349 Hae
1023 2285 1185 2348 vires
1211 2290 1350 2369 (per
1375 2284 1590 2370 legum
1615 2282 1745 2348 Co-

531 2390 648 2454 rol.
693 2392 782 2472 2.)
835 2404 1219 2475 componunt
1268 2380 1394 2453 rim
1447 2390 1511 2453 T
1543 2389 1600 2453 L
1617 2412 1637 2465 3
1681 2400 1747 2453 et

530 2496 669 2560 haec
698 2497 811 2574 vis,
857 2498 909 2561 si
953 2498 1022 2559 in
1049 2496 1292 2559 radium
1324 2496 1388 2559 T
1419 2496 1476 2559 P
1517 2495 1745 2561 demit-

527 2614 696 2667 tatur
722 2602 1241 2687 perpendiculum
1273 2601 1332 2667 L
1361 2602 1440 2675 E,
1488 2602 1744 2667 resolvi·-

527 2721 632 2775 tur
676 2712 743 2772 in
794 2709 956 2774 vires
1009 2711 1072 2774 T
1118 2710 1196 2788 E,
1253 2710 1312 2773 E
1343 2709 1424 2789 L,
1477 2730 1744 2795 quarum

530 2817 594 2881 T
647 2816 726 2893 E,
781 2817 1028 2905 agendo
1088 2839 1334 2901 semper
1393 2814 1743 2881 secundum

525 2924 774 2987 radium
805 2924 868 2987 T
899 2923 975 3000 P,
1007 2945 1125 2987 nec
1155 2923 1459 2987 accelerat
1486 2944 1603 2988 nec
1632 2920 1911 2988 retardat
1938 2920 2425 3007 descriptionem
2454 2942 2617 2985 areae
2648 2920 2711 2985 T
2742 2922 2799 2985 P
2830 2920 2887 2983 C
2932 2919 3121 2983 radio

523 3032 635 3096 illo
666 3034 729 3097 T
747 3034 817 3098 -P
843 3031 1114 3109 factam3
1160 3044 1225 3095 et
1254 3032 1312 3096 E
1344 3032 1404 3096 L
1433 3032 1680 3119 agendo
1712 3030 2057 3095 secundum
2085 3031 2625 3115 perpendiculum,
2672 3030 2979 3094 accelerat
3008 3028 3121 3093 vel

523 3140 802 3205 retardat
830 3140 1050 3224 ipsam,
1101 3152 1405 3226 quantum
1433 3139 1739 3203 accelerat
1766 3138 1867 3202 vel
1895 3136 2171 3202 retardat
2202 3137 2473 3203 Lunam.
2564 3138 2956 3201 Acceleratio
2998 3136 3118 3200 illa

525 3246 750 3325 Lunae,
797 3247 864 3309 in
893 3246 1158 3311 transitu
1186 3242 1380 3330 ipsius
1420 3268 1459 3309 a
1500 3243 1879 3332 quadratura
1929 3243 1984 3308 C
2032 3243 2115 3307 ad
2160 3246 2663 3328 conjunctionem
2710 3244 2793 3321 A,
2845 3244 3114 3331 singulis

524 3354 822 3437 temporis
851 3354 1186 3418 momentis
1213 3352 1395 3430 facta,
1429 3363 1524 3417 est
1553 3354 1633 3437 (θ)
1663 3364 1737 3415 ut
1762 3351 1901 3435 ipsa
1927 3350 2021 3413 vis
2050 3350 2403 3414 accelerans
2434 3350 2495 3415 E
2513 3350 2593 3427 L,
2626 3351 2704 3437 (ἦ)
2736 3350 2859 3414 hoc
2888 3363 3003 3427 est,
3034 3362 3114 3413 ut

527 3468 566 3523 3
601 3458 656 3522 P
688 3458 760 3624 ῙΊξ
789 3472 848 3625 ἴ)
877 3460 940 3523 Τ
974 3458 1038 3522 Κ
1171 3496 1548 3581 Exponatur
1597 3505 1847 3579 tempus
1888 3513 2005 3578 per
2044 3506 2287 3557 motum
2328 3493 2608 3557 medium
2649 3493 2954 3572 lunarem,
3004 3492 3111 3557 vel

525 3664 604 3749 (ὃ)
651 3665 849 3751 (quod
878 3666 1102 3730 eodem
1131 3665 1263 3730 fere
1292 3664 1538 3745 recidit)
1583 3686 1700 3749 per
1726 3663 2032 3751 angulum
2078 3662 2135 3727 C
2166 3663 2229 3727 T
2261 3663 2338 3740 P,
2382 3661 2484 3726 vel
2512 3662 2701 3727 etiam
2726 3684 2843 3747 per
2885 3684 3108 3726 arcum

525 3771 580 3835 C
614 3772 686 3836 P.
778 3773 886 3837 Ad
919 3774 974 3837 C
1007 3774 1069 3837 T
1092 3774 1376 3861 ,erigatur
1404 3772 1703 3837 normalis
1735 3773 1792 3838 C
1825 3772 1891 3838 G
1918 3772 2039 3857 ipsi
2072 3772 2129 3836 G
2160 3772 2225 3836 T
2252 3771 2563 3857 aequaliS..
2608 3772 2694 3836 Et
2722 3772 2923 3837 diviso
2950 3794 3107 3837 arcu

586 3963 1009 4029 (²)0Hqcpacto.
1084 3962 1776 4030 Videnotam(⁸)praeoeden-
1842 3958 2631 4028 (sedpernotamu)estPL=
2662 3961 2843 4010 31²1<
2875 3977 2990 4029 ergo
3026 3966 3101 4011 est

519 4039 633 4077 tem
1840 4062 1889 4111 Ε
1914 4064 1961 4111 L
1980 4083 2050 4110 =
2073 4032 2105 4074 3
2130 4026 2173 4073 P
2198 4026 2250 4074 Κ
2276 4033 2328 4083 Χ
2358 4026 2405 4073 Τ
2426 4024 2496 4111 Κ.

587 4146 659 4211 (Υ)
683 4150 710 4179 ⁰
725 4219 728 4227 Ι
745 4150 808 4197 Ut
829 4148 927 4209 ipsa
948 4148 1018 4196 vis
1037 4150 1296 4197 accelerans
1319 4148 1422 4211 (13.
1450 4146 1558 4195 Lib.
1581 4146 1663 4209 1.).
1907 4178 2017 4222 lla
2070 4175 2141 4240 (⁸)
2167 4179 2193 4207 ῡ
2222 4104 2359 4229 {uffa
2379 4178 2532 4224 eodem
2545 4174 2655 4241 ser&
2674 4178 2846 4225 recidit.
2918 4177 2981 4223 In
3008 4178 3099 4239 hy-

1022 4278 1057 4320 3
1081 4278 1130 4323 P
1149 4278 1205 4322 X
1219 4281 1271 4331 χ
1307 4278 1354 4323 Τ
1367 4277 1426 4323 K
1841 4238 2025 4299 pothesi
2046 4241 2207 4287 orbem
2227 4238 2441 4285 lunarem
2464 4254 2562 4286 esse
2584 4239 2867 4295 citcularem,
2893 4240 3099 4303 ungulus

590 4311 665 4376 (ν)
687 4316 714 4345 ο
736 4315 843 4362 Hoc
863 4322 929 4361 επ
949 4321 1004 4362 „g
1171 4355 1218 4399 Τ
1237 4356 1284 4399 P
1418 4345 1432 4360 ,
1486 4312 1614 4360 Nam
1633 4312 1780 4360 πίω.
1847 4303 1889 4349 C
1907 4302 1952 4349 T
1967 4302 2011 4349 P
2033 4302 2107 4349 vel
2134 4317 2268 4381 arcus
2292 4302 2347 4412 (il
2359 4301 2402 4348 P
2421 4302 2575 4377 fprent
2594 4303 2959 4413 pmpgntionales
2977 4312 3098 4350 tem-

525 4414 644 4479 sula
665 4415 710 4462 P
734 4414 779 4461 Τ
806 4414 872 4471 κ,
900 4414 944 4461 Ρ
966 4416 1011 4462 L
1030 4414 1076 4461 Ε
1099 4424 1212 4462 suut
1231 4414 1402 4461 simnia
1420 4423 1608 4475 propter
1627 4430 1781 4477 ansu-
1843 4374 2719 4491 fflffiffl'ffiffisssszffi
2742 4374 3101 4490 12253310‘3'323

524 4480 628 4527 lum
647 4492 950 4527 munem
971 4477 1023 4525 3¹²
1046 4477 1092 4526 P
1112 4488 1160 4526 et
1181 4478 1382 4541 fflssuloe
1401 4488 1559 4591 Ἢ
1575 4479 1626 4526 Κ
1643 4488 1696 4589 ΕΊῈ
1706 4478 1780 4589 ἒ»
1844 4492 2050 4567 turbatio
2069 4500 2281 4568 respectu
2300 4492 2448 4554 ipsius
2466 4492 2623 4542 motus
2645 4494 2801 4541 Lunae
2820 4500 2891 4541 est
2910 4494 3097 4569 exigua,

457 4601 462 4606 -
522 4581 869 4644 ergoestrr=
893 4580 1032 4629 rx:
1054 4598 1067 4628 ι
1093 4581 1223 4629 PL:
1249 4549 1765 4667 EL=—-F‘*'1)·<
1763 4613 1779 4639 ,
1844 4557 2639 4683 ffimffnsuhmtzeffivgoemmu
2662 4558 2764 4607 cr
2784 4566 2979 4618 tempo„
3000 4556 3100 4605 fere
