3384 5509
432 505 445 524 ,
513 442 635 503 124·
1069 434 1752 527 PHILOSOPHIAE
1801 433 2346 501 NATURALIS
2435 434 2579 515 [DE
2611 434 2858 499 Mum).
2895 434 3076 501 Srs'r.

593 602 1055 689 Descripsimus
1074 596 1207 689 jam
1230 589 1499 689 systema
1524 598 1716 680 Solis,-
1732 603 1972 681 Terrae,
2005 600 2230 681 Lun'ae,
2255 614 2319 667 et
2345 602 2770 687 planetarum:
2803 614 3092 687 superest

508 722 579 773 ut
608 708 689 775 de
718 710 972 775 cometis
1001 710 1301 775 nonnulla
1339 696 1743 795 adjiciantur?

1540 946 1891 1013 LEMMA
1936 947 2051 1011 IV.

733 1118 1004 1181 Cometas
1032 1138 1151 1181 esse
1179 1114 1365 1180 Lund
1395 1119 1730 1199 superiores
1759 1128 1817 1180 et
1846 1120 1912 1179 in
1940 1116 2182 1199 regione
2197 1116 2586 1198 planetarum
2615 1115 2866 1179 versari.

596 1282 675 1367 (q)
711 1281 807 1347 Ut
835 1280 1111 1346 defectus
1151 1281 1541 1366 parallaxeos
1579 1282 1825 1346 diurnae
1853 1281 2074 1345 extulit
2102 1294 2374 1346 cometas
2405 1304 2593 1367 supra
2620 1284 2908 1370 regiones
2937 1280 3086 1345 sub-

507 1390 776 1469 lunareS,
809 1394 882 1477 (³)
908 1392 997 1457 sic
1026 1414 1107 1457 ex
1134 1392 1438 1477 parallaxi
1467 1392 1671 1456 annua
1701 1390 2090 1456 convincitur
2110 1412 2328 1455 eorum
2349 1391 2680 1455 descensus
2710 1392 2780 1454 in
2800 1391 3088 1479 regiones

506 1498 917 1583 planetarum.
1012 1498 1181 1563 Nam
1210 1510 1487 1576 cometae,
1529 1500 1636 1584 qui
1672 1497 2162 1587 progrediuntur
2189 1498 2532 1562 secundum
2561 1498 2847 1562 ordinem
2881 1499 3090 1585 signo-

510 1629 671 1683 rum,
705 1619 850 1671 sunt
878 1628 1095 1671 omnes
1126 1608 1243 1671 sub
1272 1608 1445 1671 exitu
1473 1609 1877 1693 apparitionis
1907 1620 2015 1672 aut
2043 1608 2228 1672 solito
2249 1608 2551 1671 tardiores
2581 1620 2689 1672 aut
2716 1609 3086 1695 retrogradi,

508 1718 564 1779 si
609 1716 812 1781 Terra
853 1730 949 1783 est
988 1718 1151 1782 inter
1191 1718 1361 1802 ipsos
1406 1731 1469 1783 et
1516 1719 1765 1795 Solem3
1810 1730 1876 1782 at
1906 1719 2078 1804 justo
2106 1717 2434 1781 celeriores
2465 1718 2512 1781 si
2547 1718 2751 1782 Terra
2779 1719 2982 1805 vergit
3009 1718 3095 1781 ad

508 1829 983 1913 oppositionem.
1074 1829 1162 1893 Et
1209 1842 1447 1909 contra,
1498 1831 1607 1916 qui
1656 1841 1931 1917 pergunt
1975 1840 2194 1893 contra
2238 1828 2525 1891 ordinem
2570 1829 2896 1915 signorum
2947 1841 3096 1892 sunt

498 1941 676 2024 justo
705 1938 1029 2003 celeriores
1056 1939 1126 2001 in
1154 1938 1283 2003 fine
1310 1938 1734 2025 apparitioniS,
1768 1940 1821 2002 si
1853 1938 2057 2001 Terra
2074 1948 2357 2001 versatur
2381 1925 2546 2000 inter
2573 1936 2742 2020 ipsos
2764 1948 2829 2000 et
2853 1936 3096 2011 Solem3

508 2056 572 2109 et
603 2046 778 2129 justo
820 2044 1125 2109 tardiores
1153 2045 1254 2109 vel
1295 2045 1663 2133 retrogradi,
1712 2046 1765 2109 si
1809 2045 2013 2109 Terra
2055 2044 2172 2109 sita
2214 2056 2310 2108 est
2352 2044 2434 2108 ad
2478 2044 2818 2109 contrarias
2861 2056 3096 2127 partes·

508 2159 579 2243 (⁸)
614 2158 942 2247 Contingit
977 2157 1105 2224 vhoc
1147 2148 1417 2223 maxime
1449 2181 1531 2223 ex
1558 2170 1736 2223 motu
1765 2157 1986 2222 Terrae
2015 2156 2083 2219 in
2112 2156 2284 2219 vario
2319 2156 2512 2241 ipsius
2543 2156 2686 2233 situ,
2731 2154 2998 2241 perinde
3025 2165 3099 2217 ut

506 2267 582 2331 fit
610 2267 675 2331 in
704 2269 991 2352 planetiS,
1025 2268 1135 2355 qui
1160 2291 1279 2354 pro
1304 2280 1480 2332 motu
1511 2268 1736 2331 Terrae
1765 2266 1864 2331 vel
1893 2264 2288 2350 conspirante
2317 2262 2416 2327 vel
2446 2264 2762 2327 contrario
2793 2285 2967 2326 nunc
2995 2285 3100 2326 re·-

505 2374 789 2460 trogradi
832 2386 995 2451 sunt,
1042 2396 1214 2438 nunc
1256 2372 1492 2439 tardius
1535 2373 1835 2461 progredi
1881 2373 2190 2449 videntur,
2243 2392 2413 2434 nunc
2455 2370 2607 2435 vero
2650 2370 2933 2451 celerius.
3027 2372 3101 2435 Si

508 2482 717 2546 Terra
741 2483 950 2569 pergit
978 2483 1067 2547 ad
1090 2482 1349 2547 eandem
1378 2498 1622 2568 partem
1651 2506 1798 2548 cum
1819 2493 2080 2559 cometa,
2106 2493 2168 2545 et
2185 2492 2360 2546 motu
2383 2480 2664 2569 angulari
2696 2482 2862 2545 circa
2883 2479 3100 2545 Solem

506 2588 682 2653 tanto
725 2587 985 2654 celerius
1027 2588 1242 2667 fertur,
1296 2602 1369 2655 ut
1411 2603 1583 2655 recta
1624 2612 1762 2676 per.
1787 2589 2054 2654 Terram
2097 2598 2162 2652 et
2203 2600 2510 2651 cometam
2547 2600 2856 2671 perpetuo
2903 2586 3096 2650 ducta

508 2700 843 2784 convergat
884 2698 966 2762 ad
1006 2711 1215 2785 partes
1258 2699 1423 2764 ultra
1451 2712 1778 2775 cometam,
1825 2709 2068 2762 cometa
2097 2720 2132 2761 e
2164 2694 2365 2759 Terra
2391 2706 2707 2779 ‘spectatus
2738 2694 2823 2756 ob
2850 2704 3099 2755 motum

510 2830 693 2872 suum
721 2807 1061 2874 tardiorem
1086 2822 1345 2894 apparet
1376 2832 1509 2873 esse
1537 2808 1974 2897 retrogradus3
2016 2807 2106 2869 sin
2142 2804 2346 2869 Terra
2373 2803 2610 2867 tardius
2640 2802 2855 2879 fertur,
2888 2813 3096 2865 motus

511 2928 771 3007 cometae
802 2917 1109 3003 (detracto
1149 2930 1327 2984 motu
1356 2917 1603 2999 Terrae)
1649 2918 1725 2982 fit
1754 2918 1972 2983 saltem
2002 2915 2258 2981 tardior.
2303 2940 2306 2945 ’
2347 2913 2439 2977 At
2465 2913 2517 2975 si
2545 2912 2759 2976 Terra«
2775 2912 2986 2998 pergit
3027 2912 3092 2973 in

508 3104 631 3137 nova
652 3099 901 3139 occurrunt
921 3080 1267 3155 quamplurima
1286 3092 1345 3141 de
1361 3092 1516 3156 figura
1539 3092 1758 3149 Telluris,
1823 3107 1882 3140 ex
1919 3096 1962 3149 1,
1994 3104 2078 3151 per
2110 3095 2156 3147 2,
2189 3090 2240 3135 in
2275 3095 2322 3145 3,
2345 3087 2422 3135 hic
2443 3087 2630 3148 planem
2649 3101 2709 3134 ΘΧ
2730 3100 2771 3140 ⁸»
2796 3098 2888 3159 per·
2901 3086 2948 3140 b,
2969 3098 3024 3131 1¹¹
3045 3098 3088 3140 c,

510 3154 571 3201 de
601 3152 777 3201 viribus
810 3155 931 3202 Solis
958 3166 1007 3204 et
1038 3156 1209 3213 Lunae,
1242 3157 1589 3217 praecessionem
1615 3156 1759 3219 aequi-
1824 3155 2086 3203 secundum
2101 3153 2316 3201 ordinem
2337 3152 2578 3213 signorum
2599 3148 2815 3223 progredj
2845 3147 3092 3220 videbunt·

510 3218 789 3283 medorum,
832 3218 995 3266 eadem
1048 3220 1141 3281 qua
1192 3221 1415 3269 hactenus
1456 3220 1633 3269 factum'
1673 3229 1760 3281 est,
1834 3221 1906 3269 At
1926 3219 1966 3267 εἰ
1991 3219 2138 3267 Terra
2159 3224 2402 3266 moveatur
2422 3229 2480 3263 ex
2501 3216 2558 3271 C,
2581 3229 2664 3275 per
2686 3214 2754 3271 D,
2788 3227 2840 3259 m
2858 3212 2906 3260 E
2923 3220 2970 3258 et
2990 3211 3092 3272 pla-

512 3280 747 3337 methodo,
770 3282 1032 3331 accuratius
1053 3280 1210 3331 licebit
1229 3294 1511 3344 computare.

578 3344 646 3407 (²¹)
668 3348 693 3375 e
729 3347 789 3393 Ut
813 3348 1015 3411 defectus
1029 3346 1309 3410 parallaoeos
1324 3350 1529 3397 'diurnae.
1601 3348 1761 3396 Paral-

512 3407 633 3455 laxis
662 3407 831 3457 diurna
859 3420 1052 3457 cometae
1083 3420 1152 3459 est
1180 3411 1440 3459 differentia
1468 3411 1680 3459 locorum
1711 3412 1762 3459 in

511 3471 682 3533 quibus
702 3482 881 3537 corneta
902 3490 960 3521 ex
982 3484 1141 3521 centro
1159 3476 1331 3532 Ten-m,
1356 3476 1428 3521 vel
1450 3491 1508 3522 ex
1529 3490 1586 3523 eo
1601 3491 1762 3535 super-

514 3534 636 3583 ficiei
670 3538 827 3583 Terrae
858 3538 963 3585 loco
982 3538 1043 3585 ad
1062 3554 1205 3600 quem
1226 3546 1408 3586 cometa
1428 3538 1653 3587 verticalis
1672 3548 1759 3597 est,

513 3608 563 3646 et
582 3615 639 3646 ex
659 3600 822 3662 quovis
842 3601 935 3648 aiio
966 3600 1071 3649 loco
1092 3602 1348 3661 superficiei
1371 3604 1529 3650 Terrae
1550 3605 1761 3650 observa-

514 3672 591 3710 tus
612 3663 733 3712 inter
751 3664 905 3712 stellas
935 3664 1053 3713 fixas
1082 3664 1291 3713 refertur.
1365 3666 1489 3713 Haec
1521 3666 1762 3725 parallaxis

513 3725 697 3783 diurna,
720 3727 925 3777 maxima
941 3727 1013 3776 e'st
1030 3728 1083 3777 in
1102 3728 1259 3785 Luna,
1279 3730 1358 3776 ubi
1379 3746 1435 3777 ea
1453 3730 1503 3777 in
1525 3730 1766 3779 horizonte

514 3792 820 3847 constituitur,
844 3792 956 3841 inde
976 3792 1085 3839 vero
1105 3792 1255 3856 magis
1276 3794 1519 3857 magisque
1539 3794 1764 3841 decrescit

515 3852 613 3915 quo
654 3855 795 3902 altius
838 3856 981 3903 Luna
1024 3842 1165 3915 suprd
1210 3856 1496 3904 horizontem
1538 3857 1758 3906 elevatur.

519 3918 648 3973 Quia
690 3917 799 3966 vero
839 3920 939 3966 haec
981 3920 1226 3980 parauuis
1266 3936 1364 3967 non
1406 3924 1670 3969 observatur
1711 3922 1762 3969 in

516 3983 721 4037 cometis,
744 3991 872 4043 patet
891 3998 969 4030 eos
990 3998 1089 4031 esse
1112 3983 1255 4031 Luna
1274 3985 1529 4045 superiores
1552 3984 1701 4048 (30.)·
1757 4026 1764 4031 .

567 4046 646 4109 '(')
672 4050 699 4077 ⁸
724 4050 799 4097 Sic
819 4064 871 4094 est·
892 4050 1121 4109 par-alluxi
1152 4046 1331 4097 annu&-
1405 4048 1659 4096 Parnllaxis
1679 4064 1764 4096 an·

512 4126 611 4157 nua
630 4126 689 4157 ex
712 4119 845 4157 motu
866 4110 989 4159 circa
1006 4111 1161 4159 Solem
1184 4112 1345 4169 oritur,
1368 4113 1561 4173 haecque
1576 4113 1763 4174 respicit

509 4174 855 4237 longitudinem
888 4184 1096 4228 cometae,
1129 4176 1219 4222 hoc
1249 4184 1331 4233 est,
1362 4175 1627 4224 distantiam
1659 4176 1763 4238 ejus

510 4238 564 4285 in
586 4236 797 4299 ecliptica
818 4254 848 4285 a
878 4238 1030 4297 primo
1056 4240 1228 4287 Arietis
1248 4249 1438 4299 puncto.
1507 4239 1765 4294 Quomodo

512 4317 569 4348 ex
593 4300 681 4349 bac
702 4301 922 4362 parallaxi
948 4302 1211 4350 Newtonus
1232 4303 1421 4367 colligat
1441 4312 1645 4351 cometas
1678 4304 1762 4351 de-

511 4365 731 4475 ffendere
752 4366 801 4413 in
822 4365 1033 4430 regiones
1054 4366 1359 4431 planetarum,
1384 4368 1689 4429 explicabitur
1709 4368 1763 4415 in

577 4444 730 4477 cursu.
1464 4454 1469 4459 ·

578 4492 642 4555 (⁸)
671 4500 775 4541 128.
806 4497 832 4525 ¹*
860 4497 1097 4557 Continget
1118 4498 1200 4545 hoc
1220 4494 1431 4545 mxime?-
1491 4496 1563 4545 Sit
1586 4497 1634 4554 S,
1663 4496 1762 4551 sol.

513 4557 564 4605 A
593 4560 635 4605 B
662 4558 725 4615 E,
748 4558 895 4605 orbita
918 4559 1121 4606 Telluris
1141 4569 1188 4606 et
1208 4562 1336 4617 abc,
1361 4561 1539 4620 spbaera
1562 4560 1762 4607 fixarum
1843 4601 1854 4608 ,

511 4621 572 4669 ad
604 4636 745 4683 quam
776 4622 975 4681 planetae
996 4624 1269 4681 referantur,
1292 4625 1612 4686 exhibeatque,
1651 4630 1691 4680 1,
1711 4630 1758 4679 2,
1826 4635 1935 4673 neta
1955 4642 2013 4673 ex
2039 4634 2085 4683 3,
2118 4642 2202 4688 per
2221 4634 2254 4675 4
2273 4628 2325 4675 in
2348 4632 2392 4685 5.
2426 4625 2553 4676 idem
2587 4626 2772 4689 planeta
2791 4640 2875 4687 per
2894 4623 2941 4681 d,
2974 4624 3024 4671 in
3046 4638 3092 4681 e,

512 4692 559 4741 3,
582 4690 627 4738 -1,
651 4684 848 4745 planetae
864 4686 1066 4749 alicujus
1085 4686 1315 4734 inferioris
1330 4689 1543 4735 orbitam.
1594 4688 1766 4735 Move.
1829 4691 2082 4751 retrogredi
2108 4692 2353 4740 videbitur.

441 4749 447 4755 “
509 4758 612 4797 atur
641 4750 787 4797 Terra
808 4764 865 4797 ex
888 4751 946 4807 A,
971 4763 1054 4811 per
1078 4750 1137 4808 B,
1160 4752 1211 4797 in
1231 4752 1289 4809 C,
1311 4760 1359 4800 et
1381 4750 1557 4813 interea}
1578 4752 1764 4813 planeta
1893 4754 2006 4803 Jam
2027 4754 2138 4803 vero
2169 4764 2466 4817 repraesentet
2489 4760 2532 4813 1,
2553 4760 2605 4815 θ,
2637 4760 2670 4801 3
2689 4770 2735 4805 oi
2743 4756 2850 4802 bem
2893 4750 3096 4813 planetae
