3384 5509
263 428 508 494 Lriaemt
537 428 898 539 Taurica]
991 425 1472 495 PRINCIPIA
1519 422 2261 495 MATHEMATICA.

2768 442 2849 499 15

263 602 363 684 (¹³)
417 613 478 665 et
523 600 691 687 quod
720 614 1048 666 curvatura
1077 594 1362 686 ellipseos
1408 602 1475 665 in
1522 600 1585 665 A
1629 600 1709 665 sit
1750 602 1833 666 ad
1878 614 2271 667 curvaturam
2299 602 2515 665 circuli
2540 602 2729 681 illi-us,
2776 606 2845 669 in

260 704 591 791 duplicata
622 709 862 772 ratione
893 706 956 772 T
985 708 1046 770 A
1075 708 1156 771 ad
1185 706 1250 771 T
1282 706 1376 783 C;
1422 718 1485 771 et
1531 708 1604 791 (⁰)
1652 719 1981 772 curvatura
2009 710 2223 773 circuli
2251 708 2417 773 illius
2444 709 2525 772 ad
2556 720 2844 775 curvatu-

257 832 414 875 ram
441 812 657 877 circuli
686 826 900 878 centro
928 812 993 877 T
1020 812 1342 877 intervallo
1372 812 1437 877 T
1469 810 1524 876 C
1553 812 1862 897 descripti,
1898 826 1966 877 ut
1992 791 2057 877 T
2088 814 2145 879 C
2162 814 2257 879 ad
2296 813 2361 878 T
2389 814 2485 890 A;
2534 814 2612 897 (P)
2658 813 2842 899 hujus

255 928 485 982 autem
516 931 844 983 curvatura
870 920 952 983 ad
980 930 1375 982 curvaturam
1403 918 1690 1002 ellipseos
1720 920 1786 983 in
1822 918 1895 997 C,
1942 920 2013 981 in
2052 920 2365 1005 duplicata
2395 922 2637 984 ratione
2682 920 2747 985 T
2777 922 2840 985 A

252 1025 351 1088 ad
389 1026 441 1089 Ἰ
485 1026 578 1102 C;
626 1028 704 1109 (³)
735 1038 798 1089 et
825 1024 1172 1089 differentia
1199 1026 1364 1089 inter
1390 1036 1783 1089 curvaturam
1812 1025 2100 1109 ellipseo's
2129 1027 2194 1089 in
2223 1028 2451 1091 vertice
2498 1027 2557 1092 C
2598 1037 2660 1091 et
2694 1048 2838 1091 cur-

253 1144 556 1196 vaturam
585 1131 797 1196 circuli
826 1132 1166 1210 novissimi,
1212 1132 1292 1195 ad
1331 1131 1745 1195 differentiam
1774 1134 1937 1196 inter
1965 1142 2361 1198 mrvaturam
2386 1134 2609 1221 figurae
2638 1134 2697 1197 C
2724 1155 2769 1217 p
2798 1157 2837 1197 a

249 1236 328 1299 in
377 1238 612 1303 vertice
657 1237 716 1302 C
757 1250 822 1303 et
864 1250 1257 1301 curvaturam
1285 1238 1562 1322 ejusdem
1593 1238 1828 1315 drculi,
1874 1239 1945 1303 in
1984 1238 2295 1322 duplicata
2339 1239 2579 1303 ratione
2620 1240 2833 1326 anguli

261 1341 324 1405 C
359 1342 430 1407 T
455 1364 500 1426 p
529 1342 612 1406 ad
639 1343 938 1429 angulum
972 1343 1028 1407 C
1059 1342 1125 1407 T
1153 1342 1228 1406 P.
1289 1342 1454 1417 Quae
1481 1343 1735 1427 quidem
1764 1343 2035 1407 rationes
2064 1360 2147 1407 ex
2176 1343 2431 1407 sinubus
2460 1343 2831 1429 angulorum
2864 1422 2867 1425 ἦ

248 1447 586 1513 contactus
615 1470 688 1511 ac
715 1448 1200 1515 differentiarum
1231 1448 1606 1536 angulorum
1632 1448 1813 1513 facile
1838 1448 2236 1537 colliguntur.
2326 1449 2399 1533 (²)
2450 1449 2577 1515 His
2620 1460 2829 1541 autem

247 1614 1042 1689 circuliutmr—mnsiveur
1072 1625 1154 1663 aut
1181 1614 1515 1672 RNadmr,

249 1678 404 1725 simili
425 1680 567 1727 modo
598 1688 726 1741 patet
755 1678 882 1741 quod
914 1689 1159 1727 curvatura
1191 1678 1354 1726 circuli
1385 1678 1538 1726 radio'

251 1742 302 1789 T
326 1745 378 1789 A
403 1742 621 1803 descripti
653 1752 722 1790 est
741 1742 804 1791 ad
823 1742 1130 1790 differentiam
1151 1743 1272 1789 inter
1302 1752 1516 1789 curvatu-

245 1820 356 1853 ram
371 1806 594 1867 ellipseos
606 1806 657 1853 in
674 1806 841 1855 vertice
860 1806 909 1853 A
933 1816 979 1853 ει
995 1817 1287 1853 curvaturam
1304 1804 1513 1869 ejusdem

247 1869 420 1916 circuli
462 1878 518 1917 ut
556 1871 618 1917 M
644 1870 692 1918 R
713 1870 774 1917 ad
798 1872 846 1917 N
873 1872 935 1917 R.
1001 1870 1210 1933 Ide6que
1245 1870 1514 1931 compositis

245 1933 515 1981 rationibus
567 1934 827 1982 differentia
867 1934 988 1981 inter
1039 1944 1334 1981 curvaturam
1387 1934 1512 1980 orbis

251 1996 296 2044 C
333 2012 368 2057 p
407 2012 441 2043 a
472 1997 664 2045 inaet
699 2006 994 2045 curvaturam
1029 1996 1190 2045 circuli
1223 1996 1352 2045 radio
1389 1994 1509 2045 TA

245 2058 490 2120 descripti,
529 2070 600 2109 est
633 2061 696 2109 ad
727 2061 1034 2111 differentiam
1065 2062 1186 2109 inter
1215 2070 1510 2109 curvaturam

247 2124 470 2182 ellipseos
489 2125 542 2171 in
566 2124 615 2171 A
649 2134 696 2172 ει
715 2134 1009 2173 curvaturam
1030 2124 1238 2187 ejusdem
1260 2122 1424 2171 circuli
1454 2132 1509 2171 ut

249 2187 310 2234 M
329 2188 396 2243 R,
415 2187 544 2234 adm
556 2204 596 2245 r,
612 2190 798 2245 hucest,
817 2190 952 2252 (Cor.
969 2192 1011 2235 1.
1033 2189 1168 2235 Lem.
1189 2188 1286 2235 xl.
1308 2188 1414 2235 Lib.
1431 2186 1504 2249 1.)

244 2250 298 2296 in
329 2251 517 2298 ratione
537 2250 774 2312 duplicata
804 2252 938 2300 arctis
977 2254 1024 2299 R
1049 2252 1094 2299 A
1131 2251 1191 2299 ad
1223 2266 1383 2298 arcum
1415 2266 1440 2297 r
1460 2268 1503 2308 a,

245 2314 364 2425 {ver
387 2316 519 2425 (Iperd
537 2316 712 2425 consti)
755 2316 837 2427 inc
846 2317 1024 2427 ''35⁰¹“
1065 2312 1301 2376 duplicata
1340 2314 1506 2378 anguli

345 2428 350 2435 ,
455 2394 486 2425 a
541 2394 669 2441 augu
691 2394 772 2426 um
925 2396 968 2441 p.

311 2456 384 2521 (¹¹)
430 2462 454 2486 ⁹
494 2461 564 2506 Et
594 2462 718 2521 quod
736 2468 985 2507 curvatura
1005 2461 1203 2520 ellipseos
1234 2459 1284 2505 in
1317 2464 1378 2512 A,
1411 2458 1497 2504 &c-

251 2522 524 2569 Curvatura
541 2522 752 2581 ellipseos
772 2522 824 2567 in
850 2524 894 2569 A
919 2532 989 2569 est
1009 2522 1069 2569 ad
1091 2532 1382 2568 curvaturam
1413 2520 1501 2567 cir-

245 2584 342 2631 culi
379 2584 518 2631 radio
558 2582 604 2633 T
628 2585 677 2632 A
714 2585 931 2645 descripti
965 2587 1017 2633 iu
1054 2586 1232 2633 ratione
1273 2586 1329 2630 M
1356 2584 1404 2629 N
1442 2583 1502 2631 ad

249 2650 307 2696 M
338 2650 413 2706 123
449 2647 653 2696 ducatur
672 2644 780 2695 verti
803 2650 854 2697 N
879 2648 930 2695 X
952 2650 1163 2710 tangenti
1198 2646 1431 2709 parallelis,
1455 2656 1503 2695 et

245 2713 321 2760 axi
341 2727 596 2761 occurrens
615 2714 667 2758 in
691 2713 759 2769 X,
783 2722 830 2759 ει
845 2712 1019 2773 pariter
1045 2714 1092 2759 R
1111 2712 1164 2769 Z,
1189 2712 1275 2758 erit
1291 2726 1374 2770 per
1392 2725 1500 2771 pro·

245 2777 490 2837 prietatem
515 2776 727 2835 ellipseos
764 2776 809 2823 A
838 2776 888 2823 X
915 2784 966 2833 ><
995 2776 1048 2823 X
1075 2776 1118 2823 B
1152 2774 1212 2821 ad
1247 2775 1294 2821 N
1322 2774 1371 2820 X
1392 2772 1416 2806 Β
1447 2782 1502 2835 ut

249 2841 297 2889 Τ
319 2842 364 2887 A
383 2838 410 2871 ⁸
442 2840 508 2887 ad
546 2840 592 2887 T
615 2836 758 2897 C‚²et
787 2856 869 2901 per
889 2840 1210 2900 proprietatem
1231 2837 1392 2885 circuli
1414 2838 1501 2885 erit

251 2908 295 2951 A
314 2906 352 2950 Z
373 2910 424 2961 Χ
446 2904 487 2949 Ζ
508 2904 558 2951 Β
571 2922 639 2949 ==
662 2905 709 2951 R
730 2904 768 2951 Z
785 2902 824 2961 ⁹,
849 2904 930 2951 sed
947 2904 1060 2966 quia
1079 2909 1330 2949 sumuntur
1349 2918 1500 2965 quan-

247 2968 810 3014 titatesnascentesestA
833 2968 1133 3024 x=MN,
1155 2964 1499 3023 AZ=MR,

249 3030 1499 3090 XB==AB=ZBetNX=RZ,quibus

247 3094 474 3142 valoribffl
513 3110 600 3141 suo
635 3094 740 3143 loco
777 3095 1034 3143 substitutis
1074 3094 1224 3154 prima
1263 3094 1499 3153 proportio

247 3158 633 3216 evaditMNX
666 3155 1490 3215 AB=MR><AB==TA⁴2=

250 3224 293 3270 T
317 3223 356 3270 C
374 3222 399 3253 ²
419 3220 621 3285 ideoque
641 3231 712 3269 est
735 3224 791 3269 M
819 3224 866 3269 N
886 3223 947 3269 ad
971 3222 1027 3269 M
1051 3223 1114 3277 R,
1137 3223 1234 3268 sive
1253 3230 1499 3267 curvatura

247 3285 454 3347 ellipseos
485 3284 548 3333 ad
581 3295 874 3333 curvaturam
895 3284 1058 3333 circuli
1085 3286 1136 3331 in
1168 3281 1405 3345 duplicata
1423 3298 1498 3330 ra-

246 3350 368 3397 tione
391 3350 438 3397 T
463 3348 513 3397 A
537 3349 597 3397 ad
621 3349 666 3397 Τ
693 3350 750 3397 C.
1194 3352 1200 3357 “

308 3428 376 3491 (⁰)
401 3430 429 3458 *
455 3428 716 3475 Curvatura
738 3428 914 3483 circuli,
932 3424 1016 3473 &c-
1068 3422 1198 3471 Nam
1217 3423 1497 3471 circulorum

247 3500 500 3602 cuffivamrae
521 3498 633 3537 sunt
652 3488 832 3537 inverse
851 3498 906 3537 ut
925 3486 1219 3536 eorumradii
1241 3490 1360 3550 (not.
1385 3492 1492 3534 121.

249 3554 306 3602 L1
339 3587 352 3601 .
384 3554 454 3615 Ι.)
731 3550 744 3564 ’

309 3616 376 3685 (Ρ)
419 3622 444 3645 ”
473 3616 640 3678 Hujus
668 3626 824 3665 autem
845 3625 1094 3665 curvatura
1127 3622 1278 3675 potest
1299 3614 1492 3661 demon-

249 3682 372 3729 strari
389 3695 446 3728 eo
461 3681 564 3740 ipso
579 3680 722 3727 modo
731 3694 827 3743 quo
839 3676 1254 3727 demonstravimus
1268 3680 1493 3725 rationem

249 3752 502 3792 curvatura
521 3744 736 3805 ellipseos
763 3745 818 3791 iu
848 3744 897 3790 A
927 3743 992 3791 ad
1017 3752 1310 3791 curvaturam
1331 3742 1492 3789 circuli

248 3808 373 3856 radio
397 3809 441 3856 T
466 3806 515 3853 A
539 3807 754 3867 descripti
779 3810 898 3871 (not.
927 3806 990 3868 ¹⁵).

309 3871 378 3936 (⁸¹)
424 3876 450 3902 ¹*
477 3874 545 3919 Et
567 3874 874 3938 ‹iffi-entiam
895 3874 1014 3921 inter
1047 3879 1344 3919 curvaturam
1363 3872 1491 3931 ellip-

249 3952 336 3985 oeos
353 3938 406 3983 in
426 3938 591 3983 vertice
616 3940 666 3992 C,
687 3936 774 3983 διε.
844 3935 1191 3982 Demonstratio
1211 3932 1308 3980 fere
1329 3934 1492 3980 eadem

251 4009 316 4047 est
349 4015 402 4045 ac
436 3999 490 4043 in
527 3996 642 4045 nota
679 3998 792 4061 (¹²²):
828 4006 988 4047 centro
1027 3998 1070 4045 C
1101 3996 1345 4043 intervallo
1381 3998 1425 4043 T
1451 3998 1490 4043 C

251 4063 525 4111 describatur
544 4062 704 4111 circuli
725 4077 858 4110 arcus
883 4062 924 4110 C
943 4062 992 4109 R
1008 4077 1044 4117 r,
1067 4061 1126 4108 sit
1146 4076 1280 4107 arcus
1305 4060 1346 4109 C
1364 4060 1412 4107 R
1431 4060 1490 4107 ad

251 4141 406 4173 arcum
429 4124 472 4173 C
492 4140 534 4181 r,
553 4125 606 4171 iu
625 4125 802 4173 ratione
815 4125 980 4188 auguli
1001 4126 1040 4173 C
1061 4124 1106 4173 T
1122 4125 1165 4171 P
1187 4124 1248 4171 ad
1263 4124 1492 4185 angulum

258 4191 296 4239 C
315 4191 357 4237 T
371 4205 403 4250 p
420 4189 620 4237 ducatur
639 4198 836 4251 tangens
856 4191 895 4238 C
912 4190 971 4235 M
987 4204 1051 4246 m,
1075 4198 1123 4235 et
1143 4187 1260 4235 radii
1284 4187 1328 4234 T
1349 4188 1396 4235 It
1415 4188 1490 4243 M,

257 4254 299 4301 T
315 4267 340 4298 r
357 4267 406 4299 m
423 4268 626 4315 quorum
647 4254 773 4315 prior
791 4262 1005 4301 occurrat
1024 4251 1173 4313 ellipsi
1203 4252 1254 4297 in
1288 4251 1352 4307 N,
1386 4266 1490 4311 pos-

254 4316 550 4363 teriorcurvae
577 4318 618 4365 C
639 4333 672 4378 p
693 4318 793 4363 ain
813 4332 862 4373 n,
886 4317 974 4363 erit
995 4317 1047 4364 N
1067 4316 1244 4363 R=n
1265 4324 1494 4375 rpropter

257 4380 447 4441 aquales
485 4380 532 4427 Τ
551 4380 618 4439 N,
646 4380 692 4428 T
713 4396 747 4426 n
782 4396 866 4441 per
901 4396 1056 4427 curvae
1091 4388 1234 4426 const.
1261 4388 1310 4425 et
1343 4377 1494 4423 radios

257 4444 447 4505 aquales
471 4445 515 4491 T
535 4445 596 4499 R,
623 4445 669 4491 T
687 4460 738 4501 r;
761 4442 1136 4491 evanescentibus
1149 4444 1346 4489 arcubus
1366 4442 1406 4488 C
1421 4440 1491 4497 N,

263 4508 302 4555 C
318 4524 364 4565 u,
385 4517 630 4555 curvatura
658 4508 871 4568 ellipseos
890 4507 942 4553 iu
969 4508 1008 4555 C
1031 4516 1100 4553 est
1119 4506 1180 4553 ad
1200 4515 1494 4554 curvaturam

262 4570 408 4617 circuli
440 4572 569 4619 radio
593 4573 637 4620 T
662 4573 702 4619 C
733 4570 950 4631 descripti
985 4579 1042 4618 ut
1079 4570 1140 4617 M
1163 4570 1213 4617 N
1247 4569 1307 4617 ad
1343 4570 1402 4615 M
1429 4568 1496 4625 R,

260 4632 444 4696 ide6que
466 4642 816 4683 curvaturarum
851 4632 1064 4694 ellipseos
1096 4644 1144 4681 et
1179 4630 1338 4680 circuli
1360 4631 1493 4679 diffc-

260 4699 398 4747 rentia
417 4708 486 4747 est
499 4698 560 4748 ad
579 4708 872 4747 curvaturam
882 4698 1044 4747 circuli
1061 4706 1115 4746 ut
1137 4698 1186 4745 R
1205 4698 1252 4745 N
1271 4697 1331 4744 ad
1347 4697 1402 4744 M
1429 4696 1490 4763 R,

1577 1614 1723 1661 simili
1742 1614 1887 1663 modo
1906 1623 2150 1663 curvatura
2180 1614 2343 1663 circuli
2364 1623 2433 1662 est
2454 1614 2515 1662 ad
2535 1618 2827 1663 c'urvaturam

1579 1678 1705 1725 orbis
1728 1679 1769 1726 C
1790 1694 1825 1738 p
1850 1695 1880 1726 a
1910 1688 1965 1726 ut
1992 1694 2043 1725 m
2064 1694 2090 1724 r
2118 1678 2181 1726 ad
2212 1694 2262 1725 m
2280 1692 2331 1736 n,
2362 1676 2563 1741 ide6que
2582 1691 2827 1729 curvatura

1579 1742 1741 1788 circuli
1761 1742 1821 1789 ad
1842 1741 2148 1789 differentiam
2164 1751 2513 1791 curvatur-amm
2534 1743 2657 1791 orbis
2682 1744 2723 1791 C
2744 1760 2775 1804 p
2796 1761 2826 1792 a

1579 1815 1626 1852 et
1646 1805 1808 1852 circuli
1828 1816 1883 1852 ut
1903 1822 1951 1851 m
1972 1822 1997 1851 r
2016 1806 2078 1853 ad
2097 1820 2122 1851 r
2142 1822 2198 1853 n:
2224 1806 2381 1869 itaque
2401 1807 2667 1867 compositis
2687 1808 2825 1854 ratio-

1577 1870 1715 1917 nibus
1734 1870 1822 1917 erit
1840 1878 2193 1917 curvaturarum
2207 1870 2420 1930 ellipseos
2440 1879 2489 1917 ει
2508 1870 2669 1917 circuli
2686 1870 2824 1919 diffe-

1573 1932 1723 1979 rentia
1759 1933 1819 1979 ad
1857 1943 2208 1981 curvaturarum
2244 1934 2367 1980 orbis
2408 1934 2447 1981 C
2468 1948 2501 1993 p
2521 1950 2551 1981 a
2583 1942 2630 1981 ct
2662 1934 2821 1981 circuli

1573 1996 1881 2043 differentiam
1903 2006 1959 2043 ut
1994 2012 2044 2043 m
2065 2010 2088 2043 r
2120 1995 2183 2043 ad
2218 1997 2279 2043 Μ
2306 1998 2355 2045 R.
2369 1998 2463 2053 hoc
2484 2006 2554 2045 est
2574 1998 2624 2043 in
2642 1998 2822 2046 ratione

1571 2058 1811 2119 duplicata
1830 2059 1965 2107 arcus
1996 2075 2020 2105 r
2046 2061 2086 2107 C
2118 2060 2179 2107 ad
2198 2076 2361 2107 arcum
2398 2062 2445 2108 R
2472 2061 2527 2115 C,
2562 2060 2725 2107 sivein
2746 2076 2820 2109 ra-

1569 2123 1699 2171 tione
1711 2123 1947 2183 duplicata
1960 2123 2121 2185 anguli
2144 2124 2183 2171 C
2200 2124 2245 2171 T
2259 2138 2291 2183 p
2306 2122 2367 2171 ad
2380 2123 2607 2185 angulum
2630 2125 2671 2173 C
2691 2123 2737 2171 T
2756 2124 2813 2171 P.

1633 2187 1703 2249 (⁸)
1740 2191 1831 2236 His
1846 2197 2003 2236 aulem
2016 2190 2137 2235 iuter
2153 2204 2200 2241 se
2214 2188 2397 2243 collatis,
2413 2188 2497 2234 διε.
2576 2188 2643 2235 Ut
2666 2197 2819 2248 pateat

1569 2250 1682 2297 ordo
1714 2266 1809 2312 quo
1840 2252 1940 2297 istae
1970 2250 2171 2297 rationes
2191 2259 2550 2310 componuntur,
2582 2250 2765 2316 dicatur
2794 2268 2819 2299 a

1568 2322 1753 2374 tempus
1772 2314 2070 2363 revolutionis
2090 2313 2337 2375 synodica,
2370 2323 2417 2361 et
2436 2322 2459 2361 t
2478 2323 2662 2374 tempus
2685 2330 2817 2361 revo-

1566 2376 1759 2423 lutionis
1794 2377 2053 2437 periodicae‚
2088 2378 2265 2439 eritque
2302 2376 2505 2440 angulus
2540 2378 2583 2425 C
2607 2377 2653 2425 T
2677 2378 2722 2425 P
2756 2378 2817 2425 ad

1565 2440 1795 2503 angulum
1822 2442 1861 2489 C
1888 2442 1933 2489 T
1960 2457 1994 2503 p
2022 2448 2078 2487 ut
2097 2450 2116 2488 t
2136 2440 2252 2489 ads.
2754 2460 2767 2473 ’

1629 2504 1709 2565 (1)
1778 2503 2054 2552 Differentia
2074 2515 2426 2551 curvaturarum
2448 2504 2573 2552 orbis
2596 2504 2637 2553 C
2658 2519 2691 2564 p
2712 2520 2743 2551 a
2760 2506 2813 2551 in

1565 2583 1594 2613 a
1618 2577 1665 2615 et
1685 2568 1847 2616 circuli
1869 2568 1997 2615 radio
2022 2569 2067 2615 T
2091 2568 2140 2615 A
2162 2568 2391 2629 descripti,
2426 2576 2496 2616 est
2514 2568 2575 2615 ad
2596 2568 2813 2615 differem

1564 2631 1676 2677 tiam
1714 2641 2065 2679 curvaturarum
2098 2632 2311 2692 ellipseos
2346 2632 2397 2679 in
2435 2632 2483 2679 A
2521 2642 2569 2679 ει
2602 2630 2812 2695 ejusdem

1565 2694 1727 2741 circuli
1749 2704 1803 2742 ut
1823 2701 1850 2742 ι’
1864 2706 1884 2742 ι
1904 2696 1965 2743 ad
1987 2714 2010 2743 s
2030 2712 2053 2742 s
2100 2706 2199 2744 not.
2225 2694 2301 2757 ¹¹²).

1629 2758 1707 2821 (2)
1776 2760 2035 2807 Curvatura
2120 2758 2269 2819 ‘paeos
2288 2758 2341 2805 iu
2365 2760 2409 2805 A
2432 2757 2493 2806 ad
2514 2767 2812 2807 curvaturam

1562 2821 1886 2946 αἰτουὶὶῃῖειᾱίο
1911 2823 1956 2870 T
1980 2824 2029 2871 A
2049 2823 2264 2883 descripti
2285 2832 2341 2870 ut
2363 2822 2408 2871 T
2432 2822 2479 2869 A
2498 2822 2522 2854 2
2557 2822 2619 2870 ad
2658 2824 2702 2871 T
2728 2824 2768 2871 C
2787 2823 2812 2856 2

1587 2896 1682 2932 not.
1762 2920 1775 2932 .
2555 2910 2557 2912 ’

1565 2887 1584 2949 (
1628 2949 1704 3013 (3)
1768 2950 1899 2997 Hinc
1911 2949 2175 3007 dividendo,
2189 2948 2447 2997 differentia
2459 2958 2811 2999 curvaturarum

1561 3012 1772 3071 ellipseos
1816 3015 1866 3059 in
1913 3019 1959 3061 A
2008 3022 2056 3061 et
2097 3012 2260 3059 circuli
2296 3022 2365 3060 est
2408 3014 2467 3061 ad
2516 3026 2809 3064 curvaturam

1561 3076 1949 3137 ejusdemcirculi
1971 3076 2533 3126 utTcss-TAssad
2556 3077 2601 3126 T
2626 3076 2733 3126 C2:
2762 3081 2839 3126 et⁹

1559 3154 1643 3201 per
1663 3140 2045 3200 compositionem
2072 3146 2138 3188 1⁸³·
2160 3149 2207 3187 et
2226 3147 2298 3189 δ’·
2319 3141 2637 3202 proportionis.

1625 3204 1704 3267 (4)
1772 3206 1860 3251 Est
1881 3204 2140 3251 differentia
2160 3212 2508 3251 curvaturarum
2528 3206 2652 3251 orbis
2678 3206 2719 3253 C
2731 3221 2762 3265 p
2778 3221 2808 3252 a

1558 3268 1610 3313 iu
1629 3282 1660 3313 a
1681 3276 1729 3314 et
1748 3268 1908 3314 circuli
1927 3268 2057 3315 radio
2074 3270 2118 3315 T
2134 3267 2178 3315 A
2198 3267 2411 3327 descripti
2431 3268 2492 3315 ad
2512 3278 2806 3315 curvaturam

1559 3342 1951 3453 ejusTdemsscirculi
1974 3350 2187 3401 utstx
2217 3332 2530 3391 ΤΑ.9--ἿΙ
2554 3332 2807 3392 offulas

1623 3470 1701 3533 (5)
1770 3471 1917 3527 Hinc,
1941 3468 2253 3517 convertendo
2268 3478 2513 3517 curvatura
2528 3470 2651 3518 orbis
2672 3471 2712 3518 C
2729 3487 2761 3531 p
2777 3488 2805 3518 a

1558 3533 1618 3579 iu
1641 3549 1670 3581 a
1703 3532 1764 3581 ad
1800 3542 2094 3581 curvaturam
2114 3532 2274 3581 circuli
2294 3533 2424 3581 radio
2449 3534 2493 3581 T
2519 3536 2561 3581 A
2588 3534 2805 3595 descripti

1554 3598 2441 3721 ῬέιιΤῦῖ-ιιχῗῖΟἶ-Τ
2466 3599 2801 3668 Λῖαάεεχ

1619 3738 1701 3801 (6)
1772 3739 2031 3786 Curvatura
2064 3737 2225 3785 circuli
2260 3737 2391 3785 radio
2416 3737 2461 3783 T
2487 3737 2532 3784 A
2568 3736 2798 3799 descripti,

1554 3800 1613 3913 ard
1627 3810 1948 3913 ἑᾚῗυᾍαω
1980 3801 2143 3849 circuli
2179 3800 2309 3849 radio
2348 3801 2393 3850 T
2419 3802 2459 3848 C
2496 3800 2711 3861 descripti
2748 3812 2803 3849 ut

1621 3928 1701 3993 (7)
1770 3930 2025 3975 Curvatura
2062 3928 2223 3975 circuli
2258 3927 2389 3975 radio
2422 3928 2468 3975 T
2508 3928 2549 3975 C
2586 3928 2803 3989 descripti

1558 3991 1618 4039 ad
1639 4002 1932 4041 curvaturam
1946 3992 2157 4053 ellipseos
2176 3992 2227 4037 in
2254 3993 2295 4040 C
2310 4000 2365 4039 ut
2382 3989 2427 4039 T
2448 3992 2493 4037 A
2512 3991 2537 4023 ²
2556 3991 2616 4039 ad
2637 3992 2681 4039 T
2699 3992 2739 4039 C
2756 3993 2793 4038 ².

1619 4056 1697 4119 (8)
1750 4056 1897 4112 Hinc,
1912 4054 2221 4103 convertendo
2236 4064 2481 4103 curvatura
2495 4055 2657 4102 circuli
2672 4052 2803 4102 radio

1559 4120 1602 4166 T
1623 4121 1663 4167 C
1684 4118 1900 4179 descripti
1922 4119 1982 4167 ad
2002 4118 2309 4166 differentiam
2330 4130 2677 4167 curvaturarum
2700 4118 2804 4180 ejus

1555 4182 2015 4294 {mxlgetellmseos'
2044 4182 2096 4228 in
2134 4182 2802 4231 CutTassachss-

1619 4312 1698 4374 (9)
1768 4308 2047 4357 Differentia
2066 4319 2415 4357 curvaturarum
2450 4308 2665 4369 ellipseos
2681 4309 2733 4355 in
2759 4311 2802 4357 C

1555 4383 1604 4421 ct
1624 4374 1727 4436 qius
1740 4374 1902 4421 circuli
1918 4373 2048 4420 radio
2063 4374 2108 4421 T
2125 4373 2165 4420 C
2182 4372 2395 4433 descripti
2415 4372 2474 4419 ad
2494 4372 2803 4419 differentiam

1555 4448 1907 4486 curvaturarum
1928 4437 2093 4499 figurae
2118 4437 2159 4484 C
2174 4452 2207 4497 p
2226 4452 2257 4483 a
2276 4436 2327 4483 iu
2354 4436 2394 4484 C
2414 4445 2463 4483 ct
2482 4436 2691 4498 ejusdem
2714 4436 2802 4482 cir-

1557 4502 1653 4549 culi
1673 4510 1729 4547 ut
1750 4517 1772 4547 s
1792 4516 1815 4547 s
1834 4499 1895 4547 ad
1916 4509 1939 4548 t
1957 4509 2001 4559 ις
2024 4510 2165 4561 etper
2182 4500 2561 4560 compositionem
2584 4505 2653 4547 8⁸
2668 4509 2715 4547 ει
2732 4506 2801 4548 9⁸·

1555 4564 1862 4627 proportionis
1878 4573 1963 4611 cst.

1621 4626 1731 4693 (10)
1802 4628 2059 4675 Cur-vatum
2071 4626 2233 4675 circuli
2246 4626 2379 4675 radio
2394 4627 2438 4675 T
2456 4627 2497 4674 C
2512 4626 2725 4687 descripti
2744 4626 2802 4673 ad

1555 4691 1862 4742 differentiam
1884 4700 2232 4741 curvaturarum
2254 4690 2419 4755 figurae
2444 4692 2485 4739 C
2508 4706 2539 4752 p
2560 4706 2588 4738 a
2608 4691 2657 4736 in
2695 4691 2735 4738 C
2756 4700 2805 4737 et
