3384 5509
359 415 587 481 Lmen
617 414 1003 495 Tem-ms]
1072 414 1555 481 PRINCIPIA
1600 412 2342 479 MATHEMATICA.
2849 424 2932 482 95

364 642 375 649 .
449 602 491 675 †
550 589 747 654 Hisce
810 600 1094 653 motuum
1150 587 1461 650 lunarium
1515 586 2081 670 computationibus
2129 584 2458 649 ostendere
2510 588 2716 662 volui3
2763 588 2934 673 quod

362 710 568 763 motus
614 698 863 762 lunares
910 720 1023 782 per
1072 696 1380 760 theoriam
1422 694 1744 781 gravitatis
1795 718 1834 756 a
1885 695 2082 758 causis
2113 695 2240 758 suis
2287 695 2634 778 computari
2673 699 2934 795 possint.

363 808 493 871 Per
521 808 781 871 eandem
812 808 1117 871 theoriam
1164 805 1369 868 inveni
1415 817 1722 889 praeterea
1749 803 1922 887 quod‘
1949 804 2218 887 aequatio
2260 826 2466 867 annua
2511 803 2702 867 medii
2730 804 2935 871 motus

362 912 575 975 Lunoe
602 914 841 976 oriatur
869 936 907 975 a
933 910 1103 975 vari&
1122 906 1483 973 dilatatione
1506 909 1673 972 orbis
1696 908 1900 971 Lunae
1927 930 2042 990 per
2069 909 2196 971 vim
2225 909 2404 985 Solis,
2427 910 2611 993 juxta
2635 910 2846 975 Corol.
2873 921 2932 979 6.

355 1022 559 1104 >¹Prop.
596 1020 847 1085 LXVI.
881 1020 1023 1083 Lib.
1057 1020 1111 1083 Ι.
1202 1018 1279 1104 (¹²)
1328 1020 1497 1083 Haec
1524 1020 1617 1081 vis
1645 1018 1712 1080 in
1740 1017 2015 1103 perigaeo
2049 1018 2210 1081 Solis
2253 1022 2450 1103 major
2479 1031 2590 1097 est,
2625 1033 2690 1083 et
2715 1021 2936 1084 orbem
2972 1004 2986 1044 '¹

362 1128 569 1192 Lunae
600 1128 848 1203 dilatat3
893 1128 960 1189 in
1012 1149 1273 1215 apogaeo
1303 1130 1435 1213 ejus
1464 1127 1669 1189 minor
1717 1137 1830 1200 est,
1882 1137 1945 1189 et
1995 1126 2214 1189 orbem
2259 1126 2434 1190 illum
2479 1128 2763 1193 contrahi
2789 1152 2934 1213 per-

358 1237 585 1299 mittit:
661 1236 741 1299 In
790 1235 943 1299 orbe
974 1234 1232 1299 dilatato
1264 1234 1450 1298 Luna
1477 1232 1714 1298 tardius
1745 1232 2099 1308 revolvitur,
2151 1233 2217 1295 in
2264 1246 2581 1298 contracto
2611 1235 2826 1313 citius3
2873 1252 2940 1301 et

360 1341 633 1427 aequatio
667 1362 894 1418 annua,
926 1364 1040 1425 per
1070 1363 1257 1427 quam
1286 1341 1425 1404 haec
1452 1339 1847 1425 inaequalitas„
1869 1351 2324 1420 compensatur,
2375 1338 2440 1422 (²)
2486 1340 2550 1403 in
2581 1364 2843 1428 apogaeo
2873 1356 2936 1407 et

359 1452 639 1537 perigaeo
669 1450 833 1537 Solis
860 1451 1035 1518 nulla
1064 1462 1176 1528 est,
1211 1449 1292 1539 (ι)
1310 1451 1377 1519 in
1403 1446 1706 1516 mediocri
1731 1445 1892 1515 Solis
1922 1468 1960 1511 a
1989 1445 2052 1513 T
2053 1443 2189 1513 erra
2213 1446 2504 1523 distantia
2533 1448 2612 1515 ad
2647 1450 2764 1515 11'.
2791 1452 2932 1515 50'‘.

799 1687 1059 1737 PRoB-L.
1100 1687 1185 1735 11-
1681 1684 1836 1731 sinum
1880 1693 1928 1731 et
1969 1688 2095 1733 5218
2139 1683 2400 1732 secundum
2449 1684 2751 1742 Newtonum,
2807 1688 2936 1749 quod

1678 1758 1932 1810 utrumque
1948 1746 2142 1795 ductum
2166 1748 2216 1794 in
2237 1754 2401 1806 ‚0055‚
2421 1750 2553 1809 pn'us
2567 1750 2708 1796 efficit
2730 1754 2936 1799 1819.85

435 1814 713 1863 variationis
743 1814 1097 1865 excentricitatis
1126 1812 1431 1877 quantitatem
1468 1811 1614 1859 maxi·
1679 1812 1878 1857 alterum
1906 1817 2079 1858 1822·2
2101 1810 2303 1874 cumque
2340 1828 2371 1873 p
2406 1815 2466 1859 sit
2487 1818 2595 1866 719,
2629 1814 2681 1859 id
2704 1829 2758 1860 ex
2784 1816 2936 1873 priore

363 1894 493 1926 mam
516 1878 835 1927 determinare.
1683 1874 1943 1921 detructum
1955 1875 2175 1937 relinquit
2190 1880 2206 1921 1
2221 1880 2403 1933 100.85,
2417 1892 2474 1923 ex
2488 1878 2736 1937 posteriore
2750 1883 2770 1924 1
2783 1883 2936 1937 103.2;

431 1944 545 2015 ῌοο
572 1936 819 1990 Problema
848 1941 1033 1990 nonnisi
1068 1958 1151 2003 per
1188 1940 1619 1991 determinationem
1683 1939 1764 2000 qui
1788 1934 1971 1985 numeri
1991 1939 2204 1985 incidunt
2226 1940 2347 1986 inter
2369 1944 2490 1987 1172
2511 1949 2558 1987 et
2587 1947 2706 1989 1086
2719 1957 2836 2003 quos
2853 1958 2939 2002 pro

359 2020 485 2053 verat
506 2020 672 2062 curvae,
706 2021 848 2068 quam
880 2008 1087 2069 sequitur
1110 2008 1264 2063 Luna,
1300 2014 1447 2066 potest
1467 2004 1617 2051 deter-
1684 2001 2042 2049 excentricitatis
2053 2004 2302 2049 variatione
2317 2003 2555 2067 assignant
2573 2005 2622 2051 N
2624 2012 2834 2052 ewtonus
2856 2014 2939 2053 aut

361 2070 549 2124 minari,
572 2068 668 2131 q'ud
689 2085 785 2117 non
807 2070 995 2117 inventa
1015 2070 1074 2117 ud
1096 2070 1432 2117 observationes
1460 2082 1617 2114 recur-

362 2134 581 2189 rendum,
596 2144 650 2180 ut
664 2134 827 2181 fecisse
842 2134 1027 2181 videtur
1043 2136 1325 2190 Newtonus,
1336 2132 1617 2179 mediocrem

364 2196 758 2245 excentricitatem
792 2213 888 2244 esse
920 2198 1123 2258 partium
1155 2204 1281 2246 5505
1312 2210 1511 2258 quarum
1543 2209 1617 2241 ra-

362 2260 473 2308 dius
494 2261 553 2308 sit
578 2267 764 2308 100000
784 2261 993 2319 assumit,
1014 2271 1061 2308 et
1081 2260 1338 2307 maximum
1360 2260 1617 2306 incremen-

360 2332 469 2371 tum
505 2325 579 2370 vel
611 2323 959 2371 decrementum
991 2325 1183 2373 assumit
1225 2322 1393 2386 117233
1429 2332 1527 2369 tem
1558 2336 1617 2368 ex

362 2389 761 2436 observationibus
812 2387 955 2449 quium
996 2390 1121 2451 quod
1169 2388 1248 2434 ille
1292 2402 1519 2434 numerus
1555 2385 1617 2432 ad

361 2450 735 2499 concinnandam
780 2455 1169 2500 constructionem
1220 2466 1307 2512 pro
1358 2451 1617 2513 aequatione

362 2530 455 2576 apo
488 2517 843 2564 aei‘commodus
864 2526 993 2574 esset,
1018 2527 1073 2563 ut
1093 2532 1181 2563 suo
1200 2516 1309 2563 leco
1324 2515 1552 2561 dicemus·

432 2580 455 2625 1
479 2581 585 2626 lust.
610 2580 831 2627 Cassinus
847 2580 1124 2627 mediocrem
1146 2580 1277 2626 illam
1298 2579 1615 2626 excentricita-

361 2652 461 2691 tem
474 2642 585 2690 facit
599 2644 723 2691 5'430
740 2644 1079 2691 incrementum
1092 2642 1199 2691 vet-6
1212 2652 1259 2690 et
1270 2642 1616 2693 decrementum

370 2712 511 2763 1086,
534 2722 620 2755 nec
642 2706 763 2755 male
786 2708 884 2754 haec
906 2708 1200 2755 consentiunt
1220 2721 1329 2754 cum
1350 2706 1615 2767 quantitati-

360 2773 454 2819 bus
480 2772 619 2818 Prob.
646 2771 693 2818 1.
716 2772 931 2829 inventis,
952 2772 989 2818 si
1012 2771 1115 2820 Ioco
1130 2768 1398 2834 quantitatis
1413 2770 1613 2817 indeter-

594 2850 631 2880 n

363 2873 556 2921 mimtae
576 2900 639 2959 ffi-
664 2875 887 2923 scribatur
922 2876 959 2941 ᾗ
970 2893 987 2935 3
1026 2891 1155 2931 nam,
1187 2874 1239 2923 id
1274 2875 1614 2923 incrementum

360 2984 449 3023 aut
470 2976 817 3025 decrementum
838 2978 1079 3028 inventum
1100 2978 1253 3028 fuerat

362 3082 398 3127 3
430 3080 491 3127 M
510 3084 533 3110 2
550 3096 581 3129 r
598 3108 665 3119 -
686 3048 771 3167 ἓξ
791 3085 839 3130 A
856 3086 880 3142 ²,
898 3099 931 3144 p

613 3200 661 3245 A
684 3202 707 3227 2
930 3195 947 3221 ‚
990 3161 1091 3210 sive
1117 3161 1378 3211 accuratius
1418 3160 1617 3221 sumptis

361 3260 697 3323 quantitatibus
709 3278 814 3324 quae
825 3261 887 3310 nd
898 3263 1239 3327 simplicitatem
1253 3262 1421 3313 calculi
1434 3262 1617 3311 omissas

360 3322 553 3371 fueram
589 3324 701 3372 cum
734 3326 1051 3375 excentricitas
1082 3331 1269 3376 inventa
1299 3328 1463 3377 fuisset
1492 3328 1521 3373 ί
1545 3328 1611 3391 -Ι-

364 3398 476 3449 M²
593 3395 1111 3478 81⁸⁴)<y2—-ziss
1139 3405 1397 3467 l2r³fy²
1508 3405 1613 3452 Μ2

360 3444 609 3525 ‘fix-³.
959 3483 1027 3525 r5
1414 3445 1615 3532 ἰ’-ᾸἾ

358 3591 415 3645 Χ
437 3586 583 3635 4f—
598 3548 731 3671 {¹32
744 3589 795 3642 ><
813 3546 1063 3666 Ψ,
1085 3580 1189 3625 haec
1208 3575 1360 3625 evadit
1384 3582 1516 3639 (cum
1538 3590 1618 3636 ap-

356 3690 482 3737 sides
512 3698 624 3738 sunt
656 3688 707 3736 in
739 3685 936 3749 syzygiis
964 3691 1011 3729 et
1047 3698 1161 3728 z=
1184 3696 1228 3738 ο,
1262 3695 1384 3741 5=
1406 3678 1452 3740 r)
1492 3677 1520 3723 f
1550 3679 1616 3741 4-

359 3756 543 3881 ῗ-Ξκ
563 3791 736 3858 (ετ-ι·
761 3787 874 3851 120
896 3790 959 3855 ÷
979 3747 1158 3874 -ῙΞῘ-ἶκ
1178 3780 1619 3847 <⁴f-vxet01‘1m

355 3908 469 3945 sunt
498 3897 549 3945 in
580 3892 872 3958 quadraturis
902 3890 985 3939 ubi
1016 3906 1041 3936 z
1061 3909 1131 3935 =
1152 3904 1176 3935 r
1206 3894 1253 3933 et
1284 3901 1315 3947 y
1335 3904 1404 3931 =
1426 3900 1473 3942 o,
1507 3882 1534 3929 f
1557 3908 1621 3921 ι·-

359 3962 719 4089 Ῑὲῐῖχδτ-Ι-
746 3958 921 4086 {LE—:x
945 3990 1209 4058 (4f-1-p),
1229 3984 1622 4037 undemediocris

358 4140 678 4191 excentricitas
698 4150 768 4189 est
788 4141 817 4186 f
834 4139 898 4204 -1-
927 4097 985 4224 121
1009 4100 1034 4205 Ξ

356 4295 461 4334 tum
484 4285 558 4332 vel
578 4284 939 4337 decrementum,
964 4240 1071 4367 ῗ--Ξ
1092 4282 1141 4336 Χ
1161 4261 1397 4338 W
1410 4296 1474 4311 ····
1494 4288 1541 4333 Ρ·

752 4384 945 4430 ,M2

1061 4140 1112 4193 ><
1142 4140 1203 4183 10
1223 4135 1262 4193 f,
1295 4141 1344 4181 et
1362 4130 1621 4178 ineremen-

426 4425 553 4478 Cum
576 4427 733 4489 itaque
753 4425 815 4473 sit
842 4466 893 4512 A
924 4466 948 4493 2
970 4442 1039 4468 =
1062 4423 1209 4469 ‚0055
1231 4432 1287 4464 ex
1309 4414 1441 4476 prius
1462 4414 1613 4462 inven-

1280 4524 1341 4566 10
1366 4519 1424 4566 Μ
1448 4520 1474 4547 ²

356 4574 431 4626 tis,
472 4569 721 4620 mediocris
750 4566 1071 4617 excentricitas
1100 4566 1153 4637 ⁷(l
1186 4562 1250 4627 -1-
1332 4603 1380 4646 A
1400 4602 1423 4627 2
1479 4557 1499 4619 )
1527 4563 1578 4616 ><

369 4683 537 4737 (quam
560 4674 781 4723 cassinus
792 4671 971 4718 invenit
985 4676 1112 4719 5480
1130 4682 1179 4717 et
1198 4671 1455 4718 Newtonus
1472 4677 1619 4737 5505,

370 4746 443 4785 est
470 4741 613 4786 10055
644 4737 681 4795 f,
713 4737 825 4783 hinc
844 4744 915 4783 est
944 4734 973 4781 f
984 4753 1054 4781 =
1076 4739 1201 4784 5147
1224 4734 1484 4787 soeundfim
1509 4739 1623 4791 Cas.

1692 2065 1914 2111 Halleius
1935 2076 1983 2112 et
2007 2066 2242 2114 cassinus.

1750 2131 1827 2193 (i')
1870 2132 1898 2161 ‘
1941 2132 2082 2177 Hisce
2116 2141 2342 2183 motuum,
2380 2131 2467 2177 ἃς.
2550 2132 2673 2179 Hoec
2707 2142 2776 2179 est
2809 2133 2937 2179 enim

1681 2192 1885 2239 veritatis
1920 2193 2021 2253 ejus
2056 2194 2244 2239 theoriae
2264 2193 2513 2242 fortissima
2544 2197 2770 2254 probatio,
2809 2197 2848 2241 si
2881 2213 2938 2243 ea

1680 2270 1789 2317 quie
1830 2256 2157 2305 mathematice
2197 2256 2495 2304 deducuntur
2546 2273 2603 2304 ex
2659 2257 2717 2305 eii
2759 2259 2938 2306 theoria

1682 2319 1892 2379 apprime
1926 2320 2215 2367 consentiant
2246 2336 2356 2367 cum
2387 2322 2708 2381 phanomenis
2740 2322 2791 2369 in
2826 2338 2938 2370 casu

1681 2382 1886 2430 maxime
1907 2384 2176 2444 composito.

1748 2447 1821 2511 (Β)
1860 2452 1886 2477 ¹*
1914 2451 2034 2496 Haec
2057 2452 2134 2497 -vis
2167 2451 2220 2497 r‘n
2246 2452 2444 2511 perigoeo
2468 2453 2578 2498 Solis
2615 2451 2764 2512 πυξίον·
2795 2460 2861 2499 est
2895 2462 2940 2499 et

1680 2512 1832 2558 orbem
1855 2514 2014 2559 Luna
2035 2515 2194 2561 dae'latat
2209 2536 2228 2570 ‚·
2265 2513 2333 2559 vis
2358 2513 2478 2560 Solis
2499 2513 2748 2577 aliquando
2771 2514 2938 2577 adjun-

1681 2574 1811 2637 gitur
1823 2574 1868 2621 vi
1888 2576 2046 2623 Terrae
2058 2585 2113 2623 ut
2132 2577 2320 2623 Lunam
2338 2592 2494 2625 versus
2513 2578 2706 2625 Terram
2724 2580 2936 2636 attrahet,

1681 2638 1933 2699 aliquando
1951 2639 2091 2700 idque
2127 2639 2299 2701 saepius
2335 2650 2382 2689 et
2418 2641 2499 2689 ubi
2537 2641 2702 2689 fortius
2738 2643 2850 2704 agit,
2890 2643 2938 2689 vi

1684 2702 1846 2749 Terroe
1867 2712 1938 2749 est
1958 2704 2182 2763 opposita,
2207 2701 2254 2751 et
2276 2704 2466 2751 Lunam
2489 2721 2517 2752 a
2542 2703 2688 2753 Terre
2709 2706 2934 2764 distrahit,

1678 2766 1836 2827 itaque
1873 2776 1971 2813 toto
2009 2767 2180 2815 effectu
2202 2768 2270 2815 vis
2295 2767 2415 2814 Solis
2448 2768 2590 2815 simul
2626 2770 2932 2823 considerato,

1681 2830 1827 2877 Luna
1863 2844 1946 2890 per
1983 2845 2086 2876 eam
2108 2830 2202 2876 vim
2237 2848 2266 2878 a
2305 2831 2450 2878 Terre
2471 2832 2754 2889 distrahitur,
2795 2843 2843 2880 et
2879 2831 2937 2881 ed

1680 2893 1834 2955 magis
1851 2891 1950 2955 qud
1971 2910 2026 2939 ea
2048 2894 2115 2941 vis
2141 2894 2261 2941 Solis
2280 2895 2430 2957 major
2451 2904 2533 2952 est,
2569 2893 2770 2959 ideoque
2794 2898 2936 2945 Luna

1680 2957 1836 3018 magis
1855 2973 1884 3003 a
1910 2956 2058 3004 Ten-ii
2091 2958 2360 3005 distrahitur
2395 2958 2511 3006 dum
2552 2960 2697 3006 Terra
2733 2966 2944 3008 versatur

1678 3021 1732 3067 in
1754 3036 1840 3067 suo
1861 3022 2084 3081 perihelio
2103 3020 2248 3084 quam
2284 3022 2366 3069 ubi
2398 3032 2604 3070 versatur
2635 3023 2685 3069 in
2717 3025 2930 3083 aphelioz

1678 3084 1792 3131 hinc
1813 3084 1964 3145 primo
1999 3100 2108 3133 casu
2132 3087 2277 3133 orbita
2300 3086 2453 3134 Lunae
2483 3087 2635 3150 magis
2655 3098 2725 3135 est
2745 3088 2935 3136 dilatata

1680 3146 1823 3211 quem
1843 3150 1933 3195 hoc
1954 3149 2114 3197 altero.

1715 3234 1728 3246 ·
1747 3210 1809 3274 (ἲ)
1837 3216 1862 3243 ⁸
1883 3216 1948 3260 In
1967 3230 2146 3275 apogaeo
2167 3224 2211 3261 et
2235 3217 2432 3277 perigaeo
2457 3218 2571 3264 Solis
2592 3220 2722 3263 nulla
2744 3227 2808 3264 est
2826 3238 2843 3264 .·
2882 3215 2934 3263 id

1680 3274 1880 3321 omniuo
1891 3275 2038 3337 liquet
2053 3292 2108 3323 ex
2128 3278 2236 3325 Cor.
2253 3284 2298 3324 2·
2314 3278 2473 3327 Probl.
2488 3280 2552 3323 V.
2570 3280 2735 3341 prioris
2749 3280 2933 3337 calculi,

1680 3354 1796 3385 nam
1836 3354 1894 3385 ex
1935 3341 1994 3386 iis
2034 3356 2141 3402 quae
2183 3342 2233 3386 in
2271 3356 2328 3389 eo
2369 3342 2624 3391 Corollario
2667 3354 2938 3392 statuuntur

1680 3401 1829 3463 liquet
1848 3402 1972 3465 quod
1996 3412 2052 3450 ut
2071 3406 2293 3453 habeatur
2313 3406 2512 3467 aequatio
2533 3407 2697 3469 quovis
2734 3407 2784 3453 in
2816 3408 2934 3466 loco,

1680 3468 1783 3512 haec
1815 3468 2048 3527 proportio
2070 3478 2138 3516 est
2159 3469 2456 3525 instituenda,
2495 3480 2552 3516 ut
2582 3487 2702 3517 areoe
2724 3470 2937 3531 ellipseos

1680 3544 1825 3591 quam
1852 3530 1997 3577 Terra
2033 3529 2248 3579 describit
2283 3532 2532 3580 dimidium
2569 3535 2630 3581 ud
2667 3551 2821 3582 aream
2853 3536 2935 3583 de-

1680 3590 1896 3653 scriptam
1920 3611 1950 3640 a
1971 3594 2119 3641 Terrii
2133 3597 2191 3641 ab
2207 3596 2390 3655 aphelio
2406 3598 2500 3660 (vel
2518 3599 2760 3661 perihelio)
2784 3615 2932 3661 usque

1656 3690 1667 3701 .
1682 3658 1745 3703 ad
1766 3672 1877 3703 eum
1898 3657 2054 3705 locum
2078 3660 2380 3719 propositum,
2405 3662 2469 3707 ita
2491 3664 2720 3709 semestris
2741 3664 2935 3711 tardatio

1682 3720 1746 3767 ad
1765 3720 2070 3768 tardationem
2103 3722 2325 3770 mediocri
2357 3725 2506 3771 motui
2527 3725 2817 3787 adscriptam,
2853 3728 2935 3774 sed

1682 3783 1735 3829 in
1756 3786 1846 3831 hoc
1883 3800 1994 3832 casu
2031 3802 2087 3833 ea
2122 3802 2228 3834 eres
2251 3803 2279 3834 a
2303 3787 2449 3835 Terra
2469 3788 2696 3849 descripta
2733 3800 2801 3837 est
2835 3792 2936 3851 ipsa

1684 3849 1818 3895 semi·
1827 3848 2014 3909 ellipsis,
2052 3865 2165 3913 ergo
2201 3852 2341 3898 etiem
2375 3852 2572 3899 tardatio
2608 3854 2763 3901 medio
2783 3855 2935 3901 motui

1684 3911 1913 3973 adscripta
1951 3924 2022 3959 est
2053 3914 2154 3974 ipsa
2189 3918 2420 3963 semestris
2439 3916 2634 3964 tardatio
2650 3936 2665 3975 ;
2700 3927 2801 3965 tum
2821 3916 2933 3965 verd

1684 3976 1888 4022 sumitur
1907 3992 1964 4023 ex
1990 3978 2151 4025 Probl-
2178 3978 2274 4025 Iv-
2297 3980 2492 4027 tardatio
2513 3980 2617 4027 loco
2636 3980 2748 4028 dato
2769 3996 2935 4028 conve-

1683 4039 1821 4086 niens
1839 4055 1946 4103 quae
1967 4056 2022 4087 ex
2046 4042 2302 4089 tardatione
2321 4043 2541 4091 mediocri
2565 4043 2753 4099 tollitur,
2779 4054 2826 4091 et
2847 4045 2936 4091 dif-

1682 4102 1883 4151 ferentia
1903 4114 1971 4151 est
1993 4106 2190 4167 aequatio
2212 4108 2404 4169 quaesita
2415 4126 2434 4165 ς
2466 4108 2546 4153 sed
2568 4123 2728 4155 rursus
2757 4124 2811 4155 ea
2842 4119 2934 4155 tar-

1684 4166 1814 4214 datio
1834 4168 2018 4229 aphelio
2053 4178 2138 4217 aut
2173 4171 2394 4231 perihelio
2423 4173 2701 4218 conveniens
2737 4183 2806 4219 est
2837 4173 2938 4233 ipsa

1688 4232 1918 4278 semestris
1939 4232 2150 4287 tardatio,
2174 4249 2301 4297 ergo,
2341 4250 2398 4281 ex
2435 4236 2694 4283 tardatione
2714 4236 2936 4283 mediocri

1686 4294 1839 4341 motui
1861 4310 1916 4341 eo
1937 4296 1986 4341 in
2008 4296 2112 4344 loco
2131 4297 2372 4358 adscripta,
2409 4298 2614 4349 detracta
2651 4301 2835 4347 nullum
2869 4310 2939 4347 est

1686 4357 1940 4414 residuum,
1966 4358 2078 4407 cum
2098 4360 2235 4420 plane
2253 4364 2349 4410 sint
2370 4364 2582 4426 aequales,
2607 4379 2718 4427 ergo
2740 4364 2940 4428 aequatio

1686 4422 1738 4468 in
1760 4438 1953 4485 apogaeo
1971 4440 2025 4470 ac
2046 4426 2246 4486 perigaeo
2268 4426 2400 4474 nulla
2421 4437 2503 4474 est.

1755 4486 1828 4549 (ι)
1855 4490 1880 4517 ”
1897 4490 1961 4535 In
1981 4492 2195 4537 mediam·
2216 4494 2326 4539 Solis
2348 4490 2578 4547 distantia,
2601 4492 2690 4539 ἃς.
2757 4492 2940 4541 Viden-

1690 4558 1768 4597 tur
1789 4552 1889 4597 haec
1910 4554 2046 4598 verba
2082 4562 2282 4601 statuere
2317 4555 2430 4617 quid
2451 4565 2630 4602 constet
2651 4570 2706 4602 ex
2731 4559 2940 4603 observ&

1689 4613 1909 4671 tionibus.
1936 4630 2104 4677 nempe
2123 4619 2244 4665 hauc
2265 4620 2576 4681 aequationem
2595 4634 2694 4667 esse
2722 4620 2807 4667 11'.
2827 4621 2935 4669 56'·

1690 4678 1776 4724 ubi
1797 4679 2000 4726 maxima
2020 4690 2102 4737 est,
2126 4690 2174 4728 et
2194 4698 2291 4729 esse
2312 4682 2562 4745 aequationi
2582 4684 2726 4732 centri
2751 4700 2940 4745 propor-

1690 4740 1930 4803 tionalem,
1983 4746 2326 4798 observavimus
2372 4757 2528 4795 autem
2559 4746 2638 4796 111.
2695 4749 2940 4797 Cassinum
