3384 5509
489 449 515 502 1
532 446 611 503 12
1090 435 1772 501 PHILOSOPHIAE
1819 436 2364 503 NATURALIS
2453 436 2596 517 [Dn
2617 434 2868 500 Mum).
2891 432 3080 499 Srsr.

485 622 785 695 spectant,
833 609 945 674 ubi
972 632 1135 696 aqua
1164 609 1299 673 sine
1328 594 1565 692 impetu
1595 608 1891 672 effluendi
1939 621 2001 673 et
2049 609 2369 673 remeandi
2397 608 2599 673 attolli
2645 620 2708 672 et
2756 588 3084 701 subsidere

484 732 712 806 potest,
746 720 1114 808 magnitudo
1144 716 1332 783 aestfis
1362 718 1702 802 respondet
1730 718 1966 782 viribus
2000 719 2164 783 Solis
2196 732 2259 783 ct
2290 718 2516 783 Lunae.
2592 716 2596 723 ’

580 832 777 895 Corol.
810 837 870 893 2.
922 828 1089 893 Cum
1116 829 1208 891 vis
1240 828 1445 892 Lunae
1474 827 1558 892 ad
1584 850 1760 891 mare
1787 829 2171 892 movendum
2201 830 2281 893 sit
2309 829 2388 891 ad
2421 828 2545 891 vim
2575 827 2895 914 gravitatis
2937 838 3012 891 ut
3045 835 3074 889 1

490 938 572 1003 ad
616 945 936 1012 2871400,
987 935 1391 1020 perspicuum
1421 948 1514 997 est
1542 934 1714 1020 quod
1742 932 1974 1000 visilia
2013 934 2093 997 sit
2139 932 2326 1019 longe
2355 934 2564 997 minor
2594 932 2782 1018 quam
2809 956 2954 1019 quae
2981 934 3084 997 vel

487 1049 557 1109 in
586 1045 1027 1130 experimentis
1046 1043 1487 1128 pendulorum,
1520 1043 1621 1108 vel
1648 1044 1716 1106 in
1747 1043 1979 1109 staticis
2009 1056 2116 1107 aut
2141 1042 2578 1130 hydrostaticis
2605 1044 3084 1128 quibuscunque

491 1156 702 1221 sentiri
732 1156 949 1239 possit.
1042 1152 1119 1238 (¹⁵)
1168 1153 1248 1217 In
1268 1164 1435 1217 ‘aestu
1462 1154 1598 1216 solo
1628 1154 1876 1217 marino
1906 1154 2044 1217 haec
2071 1154 2165 1217 vis
2196 1149 2550 1217 sensibilem
2581 1154 2710 1218 edit
2741 1152 3054 1216 effectum.

581 1266 779 1329 Corol.
814 1274 873 1329 3.
966 1264 1287 1339 Quoniam
1334 1264 1429 1327 vis
1483 1262 1686 1327 Lunae
1737 1263 1815 1327 ad
1869 1284 2044 1328 mare
2073 1262 2452 1327 movendum
2483 1273 2580 1327 est
2627 1262 2710 1325 ad
2761 1262 2923 1326 Solis
2951 1262 3088 1324 vim

496 1378 899 1443 consimilem·
927 1391 999 1443 ut
1041 1386 1276 1443 4.4815
1324 1377 1405 1441 ad
1452 1386 1509 1456 1,
1557 1390 1620 1440 et
1660 1378 1824 1442 vires
1865 1377 1994 1443 illae
2040 1382 2180 1461 (per
2213 1376 2566 1440 Corol.·14·.
2603 1376 2793 1459 Prop.
2828 1376 3084 1439 LXIV.

496 1486 639 1551 Lib.
674 1486 755 1567 Ι.)
810 1500 957 1552 sunt
982 1498 1055 1552 ut
1084 1486 1417 1551 densitates
1447 1508 1785 1571 corporum
1819 1488 2022 1569 Lunae
2073 1500 2136 1551 et
2185 1486 2345 1551 Solis
2375 1496 2438 1550 et
2465 1486 2611 1549 cubi
2639 1486 3086 1549 diametrorum

496 1597 929 1680 apparentium
989 1596 1405 1681 conjunctim3
1470 1596 1743 1661 densitas
1798 1598 2002 1661 Lunae
2053 1598 2170 1660 erit
2229 1596 2309 1660 ad
2367 1598 2740 1661 densitatem
2791 1595 2956 1659 Solis
3017 1606 3091 1657 ut

404 1760 419 1772 .
494 1712 730 1769 4.4815
785 1705 866 1768 ad
915 1712 938 1765 1
998 1701 1251 1779 directe,
1303 1715 1365 1766 et
1414 1702 1610 1767 cubus
1640 1702 1927 1767 diametri
1959 1704 2163 1767 Lunae
2203 1702 2291 1765 'ad
2341 1702 2572 1765 cubum
2601 1702 2890 1765 diametri
2925 1700 3090 1765 Solis

492 1812 773 1878 inverse:
816 1814 884 1877 id
934 1826 1029 1877 est
1081 1812 1250 1897 (cum
1281 1812 1565 1875 diametri
1592 1812 1943 1876 mediocres
1974 1823 2344 1896 apparentes
2377 1811 2582 1875 Lunae
2631 1822 2697 1874 et
2752 1812 2918 1881 Solis
2963 1812 3092 1874 sint

496 1921 619 1982 31‘.
658 1920 837 1999 163⁹.
868 1930 931 1983 et
962 1921 1084 1982 32⁴.
1122 1918 1288 1997 12'‘.)
1339 1928 1411 1981 ut
1462 1926 1625 1981 4891
1664 1917 1746 1980 ad
1781 1926 1966 1981 1000.
2055 1916 2122 2002 (¹)
2168 1916 2489 1980 Densitas·
2515 1927 2725 1979 autem
2760 1916 2925 1980 Solis
2955 1928 3096 1979 erat

494 2025 578 2088 ad
628 2024 996 2089 densitatem
1027 2024 1248 2087 Terrae
1300 2034 1371 2085 ut
1421 2032 1587 2087 1000
1618 2023 1702 2085 ad
1731 2032 1943 2099 40003
1991 2034 2052 2087 et
2093 2035 2425 2106 propterea
2452 2022 2728 2086 densitas
2761 2022 2966 2086 Lunoe
2997 2036 3096 2087 est

494 2130 577 2193 ad
626 2128 995 2193 densitatem
1025 2128 1089 2191 T
1090 2149 1247 2191 errae
1290 2139 1363 2190 ut
1406 2136 1567 2191 4891
1623 2127 1705 2190 ad
1750 2136 1920 2192 4000
1952 2150 2062 2190 seu
2097 2136 2168 2190 11
2209 2126 2291 2190 ad
2321 2136 2380 2192 9.
2495 2126 2612 2191 Est
2641 2127 2832 2217 igitur
2863 2150 3096 2213 corpus

498 2236 701 2299 Lunoe
730 2234 982 2297 densius
1012 2247 1076 2298 et
1104 2233 1302 2320 magis
1333 2244 1623 2297 terrestre
1651 2231 1840 2319 quam
1871 2233 2077 2298 Terra
2103 2244 2335 2297 nostra.

587 2344 784 2407 Corol.
818 2351 878 2406 4.
948 2343 1035 2405 Et
1064 2339 1209 2405 crim
1238 2362 1387 2403 vera
1415 2340 1718 2403 diameter
1747 2340 1952 2404 Lunae
1981 2362 2065 2403 ex
2091 2336 2626 2403 observationibus
2657 2342 3097 2405 astronomicis

500 2449 582 2513 sit
632 2448 712 2511 ad
753 2470 967 2511 veram
1012 2447 1386 2511 diametrum
1434 2446 1655 2511 Terroe
1697 2458 1770 2511 ut
1825 2453 1946 2508 100
1998 2445 2082 2511 ad
2135 2454 2295 2521 3653
2341 2446 2460 2509 erit
2507 2467 2712 2511 massa
2759 2448 2966 2511 Lunae
3011 2450 3101 2515 ad

500 2578 770 2621 massam
802 2556 1021 2620 Terrae
1051 2568 1123 2619 ut
1156 2566 1185 2619 l
1226 2554 1310 2618 ad
1340 2561 1593 2624 39.788.

591 2665 789 2728 Corol.
823 2670 883 2727 5.
974 2664 1069 2743 (¹¹¹)
1126 2663 1211 2726 Et
1261 2663 1531 2749 gravitas
1580 2662 1984 2751 accelerata-ix
2029 2665 2097 2727 in
2143 2665 2470 2749 superficie
2503 2658 2706 2731 Lunae
2753 2670 2873 2732 erit
2917 2667 3103 2755 quasi

500 2773 689 2857 triplo
717 2773 923 2836 minor
953 2770 1141 2858 quam
1170 2773 1443 2858 gravitas
1472 2770 1875 2837 acceleratriit
1904 2775 1970 2836 in
2001 2775 2330 2859 superficie
2363 2777 2603 2840 Terroe.

592 2880 788 2943 Corol.
827 2888 887 2943 6.
980 2879 1061 2962 (¹²)
1108 2878 1195 2942 Et
1223 2877 1515 2943 distantia
1544 2880 1743 2943 centri
1775 2881 1977 2944 Lunae
2007 2905 2047 2945 a
2075 2896 2290 2946 centro
2320 2885 2544 2948 Terrae
2571 2886 2690 2951 erit
2731 2887 2812 2950 ad
2855 2887 3098 2951 distan-

502 2987 653 3050 tiam
684 2986 883 3048 centri
914 2985 1118 3048 Lunae
1147 3006 1186 3049 a
1214 2985 1529 3051 communi
1558 2986 1880 3072 gravitatis
1909 3000 2126 3052 centro
2156 2989 2378 3053 Terrae
2407 3002 2472 3055 et
2500 2991 2723 3070 Lunae,
2755 3006 2828 3057 ut
2857 3003 3004 3062 4o.7
3011 3004 3097 3058 88

502 3096 586 3159 ad
602 3103 873 3166 -39.788.

592 3206 669 3289 (⁰)
700 3208 923 3270 ‘CoroL
980 3213 1038 3274 7.
1132 3208 1219 3271 Et
1258 3209 1590 3301 mediocris
1619 3210 1914 3274 distantia
1943 3212 2138 3276 centri
2173 3213 2375 3277 Lunae
2425 3237 2466 3277 a
2513 3224 2730 3277 centro
2761 3212 2984 3277 Terrae
3025 3212 3102 3273 in

508 3317 861 3381 octantibus
892 3316 1115 3381 Lunae'
1146 3319 1264 3381 erit
1306 3318 1937 3383 semi-diametrorum
1979 3322 2394 3385 maximarum
2439 3322 2660 3387 Terroe
2707 3321 2832 3403 60}
2876 3340 3102 3406 quam-

505 3420 810 3505 proxime.
902 3422 1071 3485 Nam
1116 3424 1337 3488 Terrae
1383 3427 1871 3491 semi-diameter
1898 3429 2173 3492 maxima
2219 3430 2336 3494 fuit
2383 3430 2618 3515 pedum
2653 3430 3102 3493 Parisiensium

514 3538 872 3607 19658600‚
920 3541 984 3594 et
1013 3532 1345 3595 mediocris
1391 3534 1687 3597 distantia
1729 3548 2088 3599 centrorum
2118 3537 2340 3600 Terrae
2384 3550 2447 3600 et
2490 3538 2714 3615 Lunae,
2759 3559 2839 3601 ex
2880 3536 3100 3619 hujus-

509 3636 683 3699 modi
712 3636 1027 3701 diametris
1059 3637 1185 3721 60}
1220 3651 1528 3718 constanS,
1577 3641 1834 3727 aequalis
1875 3654 1969 3705 est
2008 3643 2274 3726 pedibus
2309 3650 2754 3711 1187379440.
2845 3642 2931 3707 Et
2958 3642 3102 3705 haec

581 3803 654 3868 (θ)
681 3809 707 3837 ¹*
728 3810 793 3856 In
812 3781 930 3856 iectu
951 3809 1042 3856 solo
1063 3810 1260 3857 marino.
1332 3808 1431 3855 Hae
1450 3808 1637 3870 quidem
1657 3808 1778 3856 vires
1905 3809 1965 3873 (¹)
2007 3815 2033 3843 ¹*
2059 3814 2278 3861 Densitas
2314 3822 2472 3863 aulem
2509 3816 2635 3863 Solis.
2707 3813 2843 3878 (Cor.
2871 3819 2919 3861 3.
2951 3814 3093 3875 Prop-

514 3869 575 3917 ad
596 3871 880 3917 movendum
900 3885 1031 3919 mare
1052 3872 1309 3929 sufficiunt,
1342 3873 1423 3920 sed
1444 3873 1559 3919 aiios
1580 3874 1776 3921 effectus
1841 3874 2000 3922 VIII.
2029 3876 2135 3924 Lib.
2163 3878 2346 3941 huius.)

516 3934 751 3981 sensibiles
774 3936 1030 3993 producere
1050 3951 1147 3983 non
1168 3945 1377 3996 possunt.
1448 3936 1640 3983 Etenim
1663 3953 1774 3999 gra-
2657 3982 2676 4003 0

502 4000 632 4043 'num
654 4013 803 4045 unum
827 4014 937 4045 cum
971 3999 1174 4058 pondere
1195 4014 1449 4062 granorum
1472 4007 1601 4048 4000
1631 4002 1773 4047 etiam
1904 3998 1986 4064 (m)
2014 4004 2040 4032 ¹*
2068 4004 2135 4051 Et
2151 4012 2355 4064 gramma
2377 4006 2681 4053 acceleratrix.
2756 4005 2880 4052 Nam
2899 4005 3102 4067 gravitas

515 4060 859 4109 accuratissima
872 4060 991 4109 libra
1006 4074 1327 4123 comparatum
1343 4065 1503 4111 sentiri
1517 4064 1591 4110 vix
1606 4074 1774 4124 potest,
1841 4064 2134 4113 acceleratrix
2167 4078 2237 4114 est
2267 4078 2324 4116 ut
2353 4082 2503 4115 massa
2535 4067 2710 4117 directe
2741 4079 2788 4115 et
2818 4068 3088 4129 quadratum·

515 4126 585 4171 vis
614 4135 772 4172 autem
796 4127 958 4173 solaris
988 4137 1059 4173 est
1088 4128 1149 4175 ad
1180 4128 1275 4175 vim
1299 4128 1533 4189 gravitatis
1564 4138 1619 4175 ut
1655 4136 1677 4175 1
1715 4129 1773 4175 ad
1840 4128 2069 4176 distantia?
2090 4146 2119 4175 a
2140 4141 2311 4187 centro,
2330 4134 2419 4178 hoc
2439 4142 2522 4188 est,
2547 4133 2896 4180 semi-diametri
2921 4132 3104 4181 inverse

520 4195 789 4246 12868200,
823 4206 1101 4253 summaque
1122 4191 1290 4238 virium
1317 4190 1438 4239 solis
1458 4200 1506 4238 et
1529 4192 1683 4238 Lunae
1705 4201 1776 4240 est
1841 4194 1974 4255 (Cor.
2009 4198 2052 4239 1.
2081 4193 2223 4255 Prop·
2251 4194 2473 4244 LXXV.
2502 4196 2606 4242 Lib.
2630 4197 2700 4257 1.)
2758 4194 2966 4257 Ideoque
2989 4212 3100 4258 gra-

514 4253 575 4299 nd
618 4252 816 4300 eandem
858 4255 954 4301 vim
992 4254 1229 4317 gravitatis
1269 4265 1326 4302 ut
1366 4261 1387 4304 1
1431 4256 1491 4303 ad
1530 4262 1768 4305 2032890.
1840 4258 1960 4303 vitas
1978 4256 2272 4305 accelerati-ix
2295 4259 2344 4305 in
2366 4260 2610 4321 superficie
2633 4262 2789 4308 Lunae
2819 4270 2888 4306 est
2907 4260 2968 4307 ad
2991 4276 3099 4323 gra·

522 4318 683 4370 Quare
716 4325 842 4377 patet
874 4319 991 4365 vires
1012 4319 1124 4372 illas,
1161 4318 1271 4367 licet
1301 4321 1585 4381 conjunctas,
1620 4318 1776 4368 multo
1839 4319 2028 4367 vitatem
2071 4323 2437 4369 accelerati-icem
2470 4324 2520 4369 in
2553 4324 2794 4384 superficie
2840 4326 3000 4371 Terrae
3044 4334 3102 4371 ut

514 4380 719 4429 minores
748 4396 849 4429 esse
878 4380 1020 4443 quam
1044 4394 1099 4429 ut
1120 4383 1305 4443 pondus
1335 4385 1539 4443 corporis
1570 4384 1776 4446 cujusvis
1841 4388 1863 4429 1
1892 4392 1942 4441 χ
1969 4390 2139 4433 13324.
2159 4386 2222 4433 ad
2243 4390 2422 4435 39.788
2447 4394 2500 4445 χ
2531 4393 2668 4446 1000,
2701 4390 2794 4437 hoc
2813 4398 2966 4445 est,ut
2989 4392 3008 4435 1
3035 4388 3100 4435 ad

514 4443 568 4490 in
599 4444 719 4491 libra
740 4448 929 4504 appensi
952 4446 1225 4493 sensibiliter
1257 4463 1428 4508 augere
1458 4448 1530 4494 vel
1562 4450 1776 4495 minuere
1838 4453 1871 4495 3
1893 4449 2087 4496 circiter.

516 4508 706 4567 possint.
762 4509 903 4556 Unde
920 4524 1005 4556 nec
1025 4510 1077 4556 in
1099 4510 1425 4569 experimentis
1438 4510 1772 4570 pendulorum,

517 4572 898 4627 barometrorum,
936 4574 1010 4620 vel
1040 4574 1091 4619 in
1125 4574 1298 4621 staticis
1335 4584 1417 4622 aut
1454 4574 1776 4636 hydrostaticis
1906 4579 1979 4644 (¹¹)
2005 4583 2031 4612 ⁰
2054 4582 2119 4628 Ee
2142 4582 2357 4629 distantia
2379 4584 2529 4631 centri
2543 4585 2718 4633 Luna.
2746 4586 2849 4647 (61.
2868 4583 2975 4631 Lib.
3001 4580 3076 4643 Ι.)

518 4634 756 4682 sensibiles
798 4636 939 4683 edent
979 4637 1186 4683 effectus.
1277 4637 1413 4685 Idem
1462 4639 1774 4687 corollarium
2415 4664 2422 4673 ·
2851 4682 2858 4689 .

518 4698 756 4760 eleganter
770 4699 1101 4761 demonstravit
1120 4701 1293 4749 clariss·
1318 4702 1521 4749 Eulerus
1538 4717 1671 4750 num.
1689 4710 1772 4751 30.
1907 4705 1977 4769 (⁰)
2004 4709 2030 4736 ¹¹
2051 4709 2192 4755 Cor-ol.
2207 4710 2250 4755 7.
2299 4710 2588 4769 Computum
2611 4710 2776 4757 eodem
2794 4710 2934 4773 plane
2955 4711 3106 4761 modo

520 4762 871 4810 Dissertationis
892 4764 950 4810 de
978 4764 1135 4811 Fluxu
1157 4776 1204 4812 et
1231 4765 1436 4813 Refluxu
1460 4766 1623 4813 Maris.
1843 4770 1989 4817 initur
2007 4785 2062 4817 ac
2084 4770 2134 4817 in
2159 4772 2300 4833 Ptop.
2332 4772 2428 4820 lv.
2454 4775 2564 4822 Lib·
2587 4776 2744 4829 huius·
