3384 5509
443 409 566 468 198
1045 395 1735 464 PHILOSOPHIAE
1781 395 2333 465 NATURALIS
2399 399 2543 482 [DE
2568 399 2819 464 Mum).
2840 401 3029 466 Srs‘r.

445 577 634 648 1573,
667 577 882 640 mense
911 568 1214 636 Januario
1239 569 1450 634 minor
1467 581 1606 634 erat
1625 569 1785 634 Jove
1803 579 1867 634 et
1886 571 2085 655 major
2110 571 2296 648 Sirio,
2318 573 2422 634 cui
2448 573 2515 634 in
2542 571 2671 636 fine
2702 571 3033 637 Februarii

439 690 504 743 et
547 677 1006 744 Ma1·tii.initio-
1035 677 1230 741 evasit
1275 678 1555 764 aequalis·
1645 678 1874 742 Mense
1926 678 2129 762 Aprili
2169 695 2232 742 et
2276 677 2458 742 Maio
2503 679 2695 742 stellis
2738 679 3035 742 secundae

440 785 906 874 magnitudiniS,
938 785 981 849 J
982 785 1152 862 uni0,
1185 785 1230 850 J
1228 785 1363 850 ulio
1387 796 1453 850 et
1473 785 1768 872 Augusto
1796 786 1991 850 stellis
2021 787 2219 850 tertiae
2248 787 2717 873 magrutudhfiS‚
2750 788 3035 872 Septem-

445 893 564 970 bri,
613 893 877 958 Octobri
919 905 984 956 e't
1027 892 1375 958 Novembri
1419 893 1612 956 stellis
1655 905 1917 978 quartae,
1966 893 2311 957 Decembri
2338 904 2405 957 et
2434 893 2583 956 anni
2626 902 2653 956 1
2667 900 2793 962 574·
2822 917 3035 958 mense

445 1003 488 1066 J
489 1000 746 1067 anuario
790 1000 985 1064 stellis
1029 1001 1286 1086 quintae,
1333 1010 1397 1062 et
1435 1021 1652 1064 mense
1708 999 2055 1064 Februario
2114 999 2305 1064 stellis
2349 1011 2543 1064 sextae
2585 1001 3035 1087 magnitudinis
3117 1001 3135 1060 .'

447 1110 702 1196 aequalis
747 1109 1096 1186 videbatur,
1147 1121 1210 1174 et
1255 1131 1472 1174 mense
1525 1109 1767 1174 Martio
1812 1131 1915 1179 ex,
1945 1111 2143 1173 oculis
2190 1111 2462 1186 evanuit.
2566 1111 2761 1174 Color
2810 1111 2901 1174 illi
2952 1112 3035 1174 ab

415 1218 626 1304 *initio
669 1217 891 1294 clarus,
938 1217 1212 1284 albicans
1256 1240 1331 1282 ac
1371 1216 1755 1301 splendiduS‚
1802 1229 2023 1300 postea
2060 1218 2278 1298 flavuS,
2326 1229 2391 1283 et
2430 1219 2581 1284 anni
2626 1229 2655 1283 1
2668 1227 2793 1289 573
2826 1229 3039 1286 mense

451 1324 692 1391 Martio
719 1323 984 1394 rutilans
1013 1324 1211 1390 instar
1243 1321 1476 1389 Martis
1505 1335 1614 1390 aut
1643 1324 1843 1388 stellae
1874 1324 2263 1404 Aldebaran,
2311 1325 2493 1390 Maio
2523 1341 2733 1392 autem
2762 1328 3041 1392 altitudi-

447 1454 596 1498 nem
647 1430 1019 1497 sublividam
1061 1429 1330 1507 induxit,
1383 1430 1634 1516 qualem
1677 1431 1748 1494 in
1803 1431 2077 1496 Saturno
2128 1433 2461 1510 cernimuS,
2526 1456 2714 1520 quem
2766 1434 3042 1498 colorem

449 1563 650 1632 usque
692 1539 762 1602 in
789 1537 983 1603 finem
1027 1538 1312 1614 servavit,
1357 1559 1606 1622 semper
1632 1549 1847 1602 tamen
1876 1539 2203 1604 obscurior
2230 1539 2409 1604 facta.
2499 1541 2677 1604 Talis
2706 1542 2895 1604 etiam
2922 1540 3043 1606 fuit

451 1652 630 1716 stella
669 1651 744 1714 in
768 1649 994 1714 dextro
1033 1649 1198 1734 pede
1231 1649 1635 1734 Serpentarii‚
1668 1669 1861 1735 quam
1892 1649 2157 1734 Kepleri
2184 1649 2475 1734 discipuli
2502 1668 2670 1713 anno
2704 1659 2731 1713 1
2746 1659 2893 1727 604,
2942 1649 3045 1714 die

445 1771 540 1826 30
584 1760 970 1846 Septembris
1013 1771 1090 1826 st.
1119 1772 1242 1824 vet.
1275 1781 1580 1844 apparere
1607 1760 1873 1843 coepisse
1902 1760 2353 1835 observarunt,
2384 1767 2447 1822 et
2488 1757 2629 1823 luce
2658 1757 2769 1822 sua
2802 1757 3049 1842 stellam

449 1870 628 1936 Jovis
659 1891 1004 1955 superasse,
1051 1868 1197 1942 clim
1224 1881 1412 1933 nocte
1437 1869 1835 1952 proecedente
1864 1867 2121 1932 minime
2152 1867 2560 1952 apparuisset.
2650 1867 2757 1932 Ab
2789 1891 2869 1931 eo
2894 1869 3049 1932 vero

453 1991 740 2063 tempore
767 1977 1072 2062 paulatim
1101 1977 1396 2054 decrevit,
1430 1989 1495 2042 et
1525 1977 1729 2061 spatio
1756 1975 2069 2040 mensium
2095 1975 2454 2062 quindecim
2484 1975 2585 2039 vel
2618 1975 2939 2039 sexdecim
2968 1997 3053 2038 ex

455 2085 651 2150 oculis
696 2085 966 2157 evanuit.
1073 2083 1222 2148 Tali
1265 2083 1456 2146 etiam
1495 2081 1674 2146 stella
1716 2081 1880 2146 nova
1925 2103 2117 2168 supra
2156 2082 2417 2146 modum
2461 2082 2831 2165 splendente
2879 2081 3055 2164 Hip-

453 2192 729 2278 parchus
774 2191 861 2258 ad*
897 2191 1062 2254 fixas
1107 2189 1529 2256 observandas
1559 2201 1624 2254 et
1665 2190 1734 2254 in
1764 2189 2120 2276 catalogum
2148 2188 2503 2280 referendas
2534 2188 2837 2254 excitatus
2863 2188 3056 2253 fuisse

445 2302 736 2367 ,dicitur.·-
800 2301 934 2370 Sed
957 2301 1126 2380 fixae,
1161 2323 1305 2388 quae
1331 2322 1450 2386 per
1475 2299 1644 2364 vices
1673 2309 1980 2384 apparent
2008 2308 2073 2362 et
2101 2293 2497 2375 evanescunt.
2542 2319 2808 2384 quaeque
2835 2297 3057 2382 paula-

457 2413 574 2476 tim
605 2426 913 2490 crescunt,
961 2427 1026 2478 et
1065 2413 1210 2478 luce
1239 2411 1352 2476 sua
1381 2411 1544 2474 fixas
1571 2410 1775 2478 tertiae
1804 2407 2254 2494 magnitudinis
2282 2408 2392 2472 vix
2421 2425 2697 2494 unquam
2729 2420 3055 2496 superant,
3149 2407 3155 2412 ’

457 2519 750 2587 videntur
795 2543 931 2584 esse
974 2520 1222 2606 generis
1264 2518 1539 2594 alterius,
1585 2527 1650 2580 et
1676 2513 2063 2581 revolvendo
2105 2526 2353 2599 partem
2394 2515 2669 2578 lucidam
2700 2527 2765 2578 et
2806 2529 3059 2600 partem

461 2629 794 2695 obscuram
836 2653 952 2714 per
993 2629 1162 2694 vices
1203 2628 1552 2696 ostendere.
1670 2626 1959 2708 Vapores
1976 2614 1987 2622 ’
2002 2635 2236 2701 autem,
2287 2624 2397 2709 qui
2440 2646 2523 2688 ex
2573 2624 2721 2689 Sole
2764 2636 2829 2688 et
2864 2626 3061 2690 stellis

459 2735 607 2798 fixis
638 2747 702 2800 et
731 2737 949 2808 caudis
977 2746 1361 2799 cometarum
1389 2735 1701 2812 oriuntur,
1734 2731 2015 2796 incidere
2042 2742 2305 2814 possunt
2332 2753 2447 2815 per
2475 2731 2849 2818 gravitatem
2878 2755 3060 2797 suam

461 2845 531 2910 in
575 2845 1025 2929 atmosphaeras
1070 2845 1466 2928 planetarum
1510 2854 1575 2906 et
1623 2843 1714 2906 ibi
1762 2841 2135 2907 condensari
2176 2851 2241 2904 et
2290 2842 2572 2906 converti
2614 2842 2681 2904 in
2728 2865 2957 2928 aquam
2998 2855 3063 2907 et

467 2950 726 3034 spiritus
754 2950 1072 3026 humidOS,
1105 2961 1169 3013 et
1199 2948 1464 3013 subinde
1490 2970 1608 3033 per
1635 2949 1879 3012 lentum
1908 2949 2183 3011 calorem
2211 2948 2279 3010 in
2310 2949 2489 3026 sales,
2536 2960 2601 3012 et
2628 2948 2949 3032 sulphura,
2996 2961 3061 3014 et

393 3104 396 3107 ,
468 3057 810 3138 tincturas..
831 3067 894 3119 et
921 3056 1162 3134 limum,
1194 3074 1257 3120 et
1281 3056 1506 3133 lutum,
1539 3067 1602 3119 et
1629 3055 1937 3142 argillam,
1964 3067 2026 3118 et
2046 3076 2319 3133 arenam,
2346 3067 2410 3120 et
2435 3053 2694 3142 lapides»,
2722 3067 2786 3122 et
2808 3057 3060 3136 corana,

471 3175 534 3230 et
564 3162 938 3232 substantias
967 3163 1122 3230 alias
1151 3174 1476 3232 terrestres
1504 3161 1811 3250 paulatim
1838 3162 2133 3272 migrare.
2165 3245 2171 3251 ἡ

1225 3433 1735 3502 SCHOLIUM
1781 3433 2319 3510 GENERALE,

507 3643 514 3648 ’
565 3630 666 3718 (‘)‘
693 3631 1087 3718 Hypothesis
1129 3631 1439 3696 vorticum
1479 3629 1692 3696 multis
1736 3631 2045 3718 premitur
2088 3583 2603 3696 difficultatibus·
2674 3629 2769 3694 Ut
2811 3628 3067 3713 planeta

479 3743 908 3829 unusquisque
949 3743 1129 3806 radio
1170 3743 1252 3806 ad
1308 3743 1518 3806 Solem
1571 3742 1763 3806 ducto
1810 3764 1985 3806 areas
2030 3741 2342 3806 describat
2391 3740 2661 3825 tempori
2708 3721 3072 3824 proportio-

473 3849 672 3927 nales,
734 3860 1019 3933 tempora
1086 3848 1403 3933 periodica
1459 3848 1736 3932 partium
1792 3849 2045 3913 vorticis
2095 3848 2397 3911 deberent
2456 3869 2591 3911 esse
2636 3847 2703 3909 in
2748 3841 3072 3930 duplicata

479 3957 732 4021 ratione
789 3955 1227 4020 distantiarum
1285 3979 1324 4018 a
1386 3955 1551 4020 Sole.
1673 3955 1771 4020 Ut
1788 4025 1792 4030 ,
1810 3955 2130 4040 periodica
2172 3955 2568 4040 planetarum
2602 3965 2890 4037 tempora
2950 3953 3079 4015 sint

475 4063 546 4126 in
587 4064 996 4148 proportione
1038 4060 1470 4148 sesquiplicatzi
1502 4049 1936 4126 distantiarum
1966 4086 2004 4124 a
2038 4062 2203 4139 Sole,
2250 4073 2535 4146 tempora
2560 4060 2885 4146 periodica
2924 4081 3074 4144 par-

478 4171 638 4234 tium
695 4171 944 4234 vorticis
998 4170 1318 4237 deberent,
1354 4193 1489 4234 esse
1546 4169 1630 4233 in-
1665 4168 2100 4256 sesquiplicata
2150 4169 2588 4234 distantiarum
2636 4169 3073 4255 proportione.

483 4277 580 4342 Ut
607 4278 872 4341 vortices
901 4277 1176 4340 minores
1205 4277 1442 4358 circum
1469 4277 1829 4356 Saturnum,
1856 4277 1897 4340 J
1898 4299 2079 4340 ovem
2109 4287 2172 4340 et
2200 4275 2353 4342 alios
2382 4277 2664 4362 planetas
2692 4276 2899 4364 gyrati
2921 4298 3078 4339 con-

484 4396 806 4448 serventur
836 4381 1258 4469 ettranquille
1287 4393 1505 4445 natent
1545 4382 1613 4444 in
1641 4382 1877 4445 vortice
1910 4381 2093 4459 Solis,
2138 4393 2421 4466 tempora
2448 4381 2770 4466 periodica
2798 4381 3078 4465 partium
3122 4387 3133 4401 ⁴

493 4488 744 4560 vorticis
775 4488 993 4554 solaris
1022 4488 1324 4552 deberent
1351 4511 1487 4552 esse
1517 4487 1799 4574 aequalia.
1893 4487 2343 4552 Revolutiones
2374 4489 2539 4552 Solis
2568 4501 2632 4553 et
2672 4474 3076 4574 planetarum

485 4657 1322 4784 1t(f)t·*l7.giy{qtblzeffs·3orticunu
1378 4657 1547 4722 (Prop-
1585 4631 1714 4706 1211ss
1738 4656 1849 4706 Lib.
1879 4655 1955 4704 ΙΙ.
1980 4671 2090 4704 cum
2128 4657 2304 4706 Coroll.
2342 4657 2499 4707 schol.
2535 4658 2675 4722 Prop.
2706 4657 2821 4706 XL.
2854 4657 2967 4708 Lib.
2998 4657 3077 4706 11.

487 4738 514 4771 e
563 4738 624 4770 no
645 4755 660 4770 .
785 4755 797 4769 .
873 4737 890 4768 1
921 4755 934 4768 .
995 4739 1061 4785 uJ.
1095 4753 1112 4770 .

2752 5451 2813 5459 .....
