3384 5509
529 444 710 539 ss·

531 620 658 675 100
707 607 790 673 ad
843 612 1048 675 1107ss
1096 628 1284 692 quam
1311 607 1620 692 proxime.

1136 430 1819 508 PHILOSOPHIAE
1866 428 2414 497 NATURALIS
2458 428 2604 512 [DE
2638 428 2882 497 Mum).
2918 430 3127 494 sits-r.

1712 608 1787 691 (θ)
1834 606 2329 671 Decrementum
2378 616 2591 671 autem
2639 606 2707 668 in
2754 605 2909 669 locis
2938 604 3123 665 inter

525 730 808 784 octantes
836 730 900 783 et
927 717 1227 805 syzygia-S,
1252 730 1318 783 et
1335 718 1789 781 incrementum
1817 717 1884 781 in
1911 716 2065 789 locis
2088 718 2253 780 inter
2274 726 2555 779 octantes
2578 726 2643 778 et
2664 714 3117 800 quadraturaS,

527 839 628 895 est
675 851 862 915 quam
888 826 1175 912 proxime
1202 828 1283 891 ad
1311 827 1436 891 hoc
1485 828 1971 903 decrementum,
2019 836 2090 889 ut
2132 836 2340 888 motus
2368 835 2535 888 totus
2576 824 2641 886 in
2686 823 2841 886 locis
2870 821 2995 883 illis
3028 821 3124 883 ad

526 952 770 1003 motum
797 951 996 1003 totum
1039 940 1106 1001 in
1149 938 1436 1026 syzygiis,
1483 949 1548 1002 et
1589 936 1941 1001 differentia
1967 936 2131 999 inter
2160 933 2535 1019 quadratum
2580 931 2753 995 sinus
2784 931 3118 995 distantiae

529 1044 733 1111 Lunae
761 1069 800 1109 a
827 1045 1207 1131 quadratura
1237 1055 1302 1109 et
1329 1045 1644 1109 semissem
1667 1043 1953 1130 quadrati
1980 1041 2141 1105 radii
2169 1040 2252 1104 ad
2281 1041 2598 1103 semissem
2620 1038 2909 1125 quadrati
2936 1038 3115 1101 radii

528 1156 923 1241 conjunctim.
1015 1154 1082 1241 (f)
1131 1156 1324 1222 Unde
1355 1157 1406 1220 si
1434 1156 1584 1219 nodi
1613 1155 1680 1218 in
1710 1152 2101 1240 quadraturis
2130 1162 2472 1227 versentur,
2516 1160 2579 1213 et
2606 1148 2932 1235 capiantur
2960 1147 3115 1211 loca

591 1360 662 1423 (²)
702 1363 731 1391 ⁶
767 1362 1131 1409 Deos-emmaum
1149 1362 1272 1409 inter
1291 1368 1487 1408 vetantes
1506 1368 1552 1407 et
1571 1359 1779 1420 syzygias

523 1432 566 1471 et
597 1428 934 1503 incrementum
956 1428 1078 1473 inter
1099 1425 1682 1499 οσεαηιεειεεῃᾳιιαάναξιινάε
1714 1430 1779 1468 est

523 1506 688 1599 &aaz
694 1552 732 1598 Ι.
761 1504 910 1599 naz-ml
923 1490 1007 1599 ἔξ.
1015 1488 1532 1613 ςυξῖςὲἰὶἳξυὲἐὲῗέέιῖῗ
1541 1501 1602 1598 &a
1609 1486 1777 1596 ἷξΐὲιζ

523 1616 720 1664 tantiam
738 1616 892 1665 Lunae
911 1632 942 1663 a
962 1614 1254 1679 quadratura,
1277 1614 1401 1663 linea
1424 1614 1451 1662 Ι
1473 1614 1532 1661 Μ
1552 1612 1780 1675 exprimet

1841 1354 2188 1403 decrementum
2219 1358 2377 1413 motus
2396 1348 2628 1397 nodorum
2650 1356 2719 1397 est
2748 1356 2806 1396 ut
2835 1356 2997 1395 motus
3016 1363 3117 1395 no-

1843 1419 2011 1466 dorum
2034 1416 2185 1479 qualis
2198 1416 2417 1462 inventus
2437 1414 2604 1470 fuerat,
2629 1424 2677 1461 et
2696 1412 2961 1459 differentia
2981 1412 3118 1458 inter

1840 1481 2119 1544 quadratum
2158 1478 2287 1527 sinus
2308 1477 2538 1525 distantiae
2563 1478 2719 1525 Lunae
2750 1493 2780 1523 a
2816 1473 3117 1538 quadratur-ii

1841 1555 1889 1592 et
1910 1546 2144 1591 semissem
2166 1542 2379 1605 quadrati
2400 1540 2518 1588 radii
2539 1540 2855 1601 conjunctim:
2895 1540 2949 1585 in
2969 1556 3113 1601 syzy-

1840 1609 1931 1677 giis
1951 1606 2231 1672 quadratum
2263 1605 2393 1653 sinus
2423 1604 2653 1653 distantiae
2675 1604 2831 1653 Lunae
2852 1620 2883 1651 a
2904 1603 3091 1667 quadra

519 2960 620 3024 ejus
656 2959 949 3008 velocitatem
985 2964 1032 3007 et
1071 2956 1099 3004 Ι
1135 2956 1186 3003 V
1219 2954 1447 3017 exprimet
1480 2955 1772 3005 velocitatem

519 3025 816 3081 mediocrem,
881 3019 1054 3069 idcirco
1115 3030 1301 3081 tempus
1353 3036 1448 3081 quo
1500 3020 1775 3069 describitur

517 3104 652 3137 arcus
692 3088 736 3135 P
772 3088 831 3134 M
861 3085 952 3132 hac
988 3084 1228 3131 velocitate
1269 3084 1296 3131 1
1336 3085 1410 3141 Μ,
1451 3094 1522 3132 est
1557 3084 1618 3130 ad
1651 3095 1771 3131 tem-

518 3169 606 3212 pus
639 3167 734 3215 quo
764 3150 1004 3199 velocitate
1035 3148 1258 3195 mediocri
1292 3148 1319 3196 Ι
1345 3147 1391 3194 V
1423 3147 1773 3207 describeretur,

518 3226 572 3263 ut
595 3216 621 3263 1
647 3216 697 3263 V
730 3214 792 3263 ad
825 3214 853 3261 1
879 3214 950 3270 M,
985 3210 1184 3275 ideoque
1205 3222 1362 3259 motus
1382 3212 1613 3259 nodorum
1635 3227 1773 3261 verus

517 3280 636 3327 foret
672 3278 734 3327 ad
769 3292 931 3327 eorum
951 3286 1134 3326 motum
1172 3276 1210 3323 si
1251 3278 1394 3325 Luna
1426 3275 1650 3322 mediocri
1686 3276 1771 3323 sua

519 3357 755 3405 velocitate
771 3356 968 3403 fen-etur
983 3364 1040 3402 ut
1051 3332 1197 3403 TV-'2
1217 3354 1279 3406 ad
1297 3340 1442 3401 TM²
1457 3354 1553 3400 sive
1566 3362 1620 3400 ut
1638 3353 1665 3401 Ι
1682 3354 1731 3399 .V
1745 3355 1769 3383 ²

518 3428 1769 3495 alessVMl²aututIV²adIV²ss2IV

524 3517 576 3569 χ
600 3511 647 3556 V
663 3511 720 3557 M
743 3510 810 3574 4-
831 3510 878 3556 V
894 3511 953 3557 M
977 3514 1002 3540 ²
1023 3520 1072 3559 et
1091 3510 1306 3575 neglecta
1325 3512 1581 3575 quantitate
1607 3513 1650 3557 V
1669 3514 1729 3559 M
1745 3497 1770 3534 ⁹

519 3574 764 3636 divisisque
795 3575 1004 3621 terminis
1023 3589 1107 3635 per
1141 3574 1167 3621 I
1194 3574 1240 3621 V
1262 3585 1317 3621 ut
1341 3577 1368 3623 Ι
1392 3577 1439 3623 V
1463 3575 1523 3621 ad
1547 3575 1574 3622 Ι
1600 3575 1648 3622 V
1667 3577 1729 3634 ss

520 3638 599 3683 2V
611 3638 698 3695 M;
741 3648 790 3685 et
822 3638 1148 3696 convertendo,
1177 3638 1446 3690 ‘differentia
1481 3636 1636 3689 motus
1672 3639 1770 3686 veri

521 3702 748 3749 nodorum
770 3712 816 3749 et
837 3702 992 3749 motus
1013 3702 1203 3760 inventi,
1235 3713 1302 3749 est
1323 3704 1384 3749 ad
1403 3712 1586 3753 motum
1607 3703 1769 3749 inven-

467 3773 472 3779 '
521 3774 622 3812 tum
643 3773 699 3811 ut
719 3767 816 3825 ss2
837 3766 880 3812 V
903 3766 960 3812 M
983 3766 1042 3812 ad
1067 3766 1093 3813 Ι
1112 3767 1157 3811 V
1179 3766 1230 3823 ss
1252 3768 1344 3813 2V
1365 3766 1437 3823 M,
1455 3766 1769 3816 hincilladif-

519 3828 728 3885 ferentia,
741 3830 835 3876 sive
847 3830 1188 3877 incrementum
1204 3840 1285 3876 aut
1301 3829 1645 3877 decrementum
1663 3846 1767 3878 mo-

518 3892 595 3939 tus
615 3892 846 3940 nodorum
869 3901 940 3939 est
959 3908 1139 3955 semper
1160 3894 1338 3956 aequale
1370 3894 1518 3942 motui
1539 3894 1771 3942 nodorum

517 3957 668 4019 qualis
687 3957 904 4004 inventus
924 3957 1085 4021 fuerat,
1111 3958 1252 4005 ducto
1271 3958 1322 4004 in
1345 3964 1376 4005 2
1400 3958 1448 4005 V
1471 3959 1532 4005 M
1555 3968 1602 4005 et
1623 3958 1771 4006 diviso

515 4036 600 4081 per
633 4022 662 4067 1
688 4020 734 4067 V
753 4021 986 4081 ss‘leM,
1021 4019 1220 4085 ideoque
1251 4020 1362 4069 cum
1385 4022 1420 4069 Ι
1441 4022 1490 4070 V
1511 4023 1614 4081 ss2
1639 4023 1686 4069 V
1710 4024 1773 4071 M

515 4100 602 4144 pro
638 4086 868 4131 constanti
905 4086 1078 4133 assumi
1113 4085 1259 4146 possit
1294 4086 1406 4149 quia
1439 4092 1470 4133 2
1495 4086 1541 4132 V
1578 4088 1636 4133 M
1673 4086 1773 4135 fere

516 4149 746 4197 evanescit
767 4161 976 4209 respectu
999 4150 1269 4211 quantitatis
1303 4151 1329 4198 1
1355 4151 1419 4207 V,
1453 4160 1523 4197 est
1543 4150 1662 4198 illud
1693 4152 1770 4197 in-

515 4222 805 4260 crementum
821 4224 904 4267 aut
923 4213 1271 4265 decrementum
1291 4224 1346 4263 ut
1367 4225 1522 4262 motus
1537 4215 1773 4263 nodorum

515 4277 664 4338 qualis
685 4278 901 4329 inventus
921 4278 1074 4330 fuerat
1104 4288 1152 4326 et
1185 4278 1232 4324 V
1257 4279 1316 4325 M
1348 4280 1636 4342 conjunctim
1651 4296 1667 4337 ;
1703 4288 1774 4327 est

515 4338 626 4387 vero
651 4334 699 4387 V
723 4342 782 4388 M
805 4338 1064 4389 differentia
1084 4344 1206 4389 inter
1229 4343 1267 4389 Z
1287 4344 1338 4398 Q
1356 4352 1402 4389 et
1429 4346 1469 4391 P
1492 4343 1568 4401 M,
1593 4352 1640 4390 et
1661 4352 1774 4391 sunt

517 4404 558 4449 Z
587 4405 638 4459 Q
671 4414 718 4452 et
753 4406 812 4452 M
838 4406 880 4453 P
901 4416 956 4453 ut
975 4406 1201 4471 quadrata
1221 4408 1411 4454 sinuum
1433 4422 1630 4455 arcuum
1655 4408 1697 4455 C
1724 4408 1777 4463 Q

515 4477 565 4514 et
589 4469 630 4515 C
658 4469 715 4524 P,
739 4486 871 4517 arcus
890 4469 1000 4518 vero
1041 4472 1082 4519 C
1109 4472 1162 4527 Q
1190 4479 1262 4518 est
1293 4476 1357 4519 45
1379 4487 1448 4533 gr.
1487 4486 1543 4519 ex
1577 4471 1773 4518 demon-

517 4532 670 4579 stratis
689 4532 750 4580 ad
766 4534 906 4595 Prop.
929 4534 1135 4582 XAVI.
1163 4543 1211 4582 et
1231 4535 1509 4597 quadratum
1525 4535 1626 4597 ejus
1641 4536 1772 4583 sinus

515 4604 588 4643 est
607 4597 805 4643 semissis
819 4598 1031 4661 quadrati
1051 4599 1198 4657 radii;
1228 4600 1268 4647 C
1287 4600 1331 4647 P
1345 4598 1456 4647 vero
1473 4609 1541 4646 est
1554 4599 1772 4647 distantia

515 4658 674 4709 Lunae
709 4676 739 4708 a
775 4662 1089 4724 quadratur&
1132 4678 1260 4727 ergo,
1303 4663 1646 4711 incrementum
1686 4672 1777 4712 aut

1837 2967 1943 3005 tura
1964 2966 2033 3006 eet
2052 2958 2207 3019 ipsum
2228 2960 2508 3022 quadratum
2528 2960 2662 3017 radii,
2686 2960 2816 3008 unde
2838 2960 3106 3008 differentia

1837 3022 2050 3084 quadrati
2086 3025 2215 3071 sinus
2251 3024 2480 3071 distantiae
2504 3026 2659 3072 Lunae
2678 3043 2709 3071 a
2729 3025 3018 3086 quadratura
3056 3034 3105 3072 et

1838 3086 2037 3133 semissis
2077 3087 2288 3149 quadrati
2330 3089 2461 3144 radii,
2507 3098 2578 3135 est
2618 3089 2669 3135 iu
2712 3090 2801 3137 hoc
2844 3106 2957 3137 casu
3001 3090 3104 3149 ipse

1839 3150 2037 3197 semissis
2069 3151 2280 3212 quadrati
2315 3152 2447 3207 radii,
2481 3152 2593 3199 hinc
2624 3153 2711 3201 erit
2742 3153 3103 3201 decrementum

1838 3223 1921 3261 aut
1940 3214 2281 3262 incrementum
2302 3216 2459 3263 motus
2479 3216 2710 3263 nodorum
2734 3217 2782 3262 in
2806 3218 2912 3265 loco
2933 3218 3103 3279 quovis

1838 3278 1899 3325 ad
1930 3278 2275 3326 decrementum
2300 3282 2399 3342 ejus
2420 3289 2577 3327 motus
2596 3280 2648 3326 in
2670 3282 2870 3342 syzygiis
2901 3290 2957 3327 ut
2984 3291 3103 3327 sunt

1835 3351 1993 3389 motus
2024 3342 2256 3389 nodorum
2276 3343 2334 3389 iis
2355 3344 2407 3389 in
2426 3343 2541 3391 locis
2560 3343 2621 3391 ad
2642 3355 2827 3391 motum
2860 3345 3101 3402 nodorum

1834 3404 1886 3451 in
1902 3406 2099 3471 syzygiis
2118 3406 2299 3467 (quales
2310 3408 2423 3455 eitra
2438 3409 2559 3455 hanc
2572 3408 2906 3455 correctionem
2917 3409 3101 3456 inventi

1833 3468 2057 3531 fuer-anu)
2090 3478 2140 3517 et
2159 3480 2215 3518 ut
2234 3470 2507 3519 differentiae
2536 3473 2871 3533 quadratorum
2902 3473 3101 3519 sinuum

1835 3532 2063 3579 distantiae
2082 3535 2237 3582 Lunae
2258 3550 2287 3582 a
2306 3534 2593 3597 quadratura
2606 3547 2652 3581 et
2665 3536 2867 3583 semissis
2882 3536 3103 3597 quadrati

1833 3596 1951 3643 radii
1982 3598 2041 3644 ad
2075 3613 2187 3645 eum
2217 3600 2453 3647 semissem
2474 3599 2689 3662 quadrati
2718 3599 2837 3647 radii
2868 3602 3099 3664 conjunc-

1834 3661 1933 3707 tim.
2002 3663 2064 3718 Q.
2092 3677 2132 3709 e.
2160 3678 2203 3710 o.
2601 3716 2605 3721 ,

1901 3724 1963 3788 (t)
2006 3729 2033 3757 ⁴
2064 3722 2204 3775 'Unde
2236 3730 2277 3775 si
2306 3729 2431 3785 nodi,
2469 3729 2554 3775 &c-
2629 3728 2887 3775 Versentur
2907 3728 3017 3774 nodi
3040 3728 3101 3775 in

1834 3788 2140 3851 quadraturis,
2178 3791 2419 3851 wpiantur
2439 3792 2541 3840 loca
2582 3791 2623 3839 F
2660 3800 2709 3840 et
2746 3793 2794 3840 E
2827 3794 2889 3840 ab
2908 3802 3101 3840 octante

1836 4607 1898 4655 M
1928 4608 2039 4656 hinc
2060 4608 2170 4656 inde
2192 4610 2431 4673 aequaliter
2450 4612 2679 4669 distantia,
2715 4622 2764 4661 et
2793 4612 2887 4661 alia
2907 4612 3006 4659 duo
3044 4614 3099 4661 D

1835 4680 1884 4719 et
1926 4673 1972 4720 G
2006 4690 2037 4721 a
2071 4672 2260 4737 syzygia
2300 4676 2347 4721 A
2387 4684 2435 4724 et
2471 4674 2753 4739 quadratura
2786 4678 2838 4726 N
2870 4676 3101 4726 distantia
