<?xml version="1.0" encoding="UTF-8"?>
<!DOCTYPE html PUBLIC "-//W3C//DTD XHTML 1.0 Transitional//EN"
    "http://www.w3.org/TR/xhtml1/DTD/xhtml1-transitional.dtd">
<html xmlns="http://www.w3.org/1999/xhtml" xml:lang="en" lang="en">
 <head>
  <title>
</title>
<meta http-equiv="Content-Type" content="text/html;charset=utf-8" />
  <meta name='ocr-system' content='tesseract 3.04.00' />
  <meta name='ocr-capabilities' content='ocr_page ocr_carea ocr_par ocr_line ocrx_word'/>
</head>
<body>
  <div class='ocr_page' id='page_1' title='image "./philosophinatur07wriggoog_0114.png"; bbox 0 0 3384 5509; ppageno 0'>
   <div class='ocr_carea' id='block_1_1' title="bbox 445 351 3035 432">
    <p class='ocr_par' dir='ltr' id='par_1_1' title="bbox 445 351 3035 432">
     <span class='ocr_line' id='line_1_1' title="bbox 445 351 3035 432; baseline -0.002 -10"><span class='ocrx_word' id='word_1_1' title='bbox 445 367 544 422; x_wconf 74' lang='lat'><strong>‘98</strong></span> <span class='ocrx_word' id='word_1_2' title='bbox 1081 353 1761 424; x_wconf 86' lang='lat' dir='ltr'>PHILOSOPHIAE</span> <span class='ocrx_word' id='word_1_3' title='bbox 1808 351 2353 418; x_wconf 84' lang='lat' dir='ltr'>NATURALIS</span> <span class='ocrx_word' id='word_1_4' title='bbox 2398 352 2541 432; x_wconf 69' lang='lat' dir='ltr'><strong>[Da</strong></span> <span class='ocrx_word' id='word_1_5' title='bbox 2566 352 2813 416; x_wconf 76' lang='lat' dir='ltr'><strong>Mum&gt;-</strong></span> <span class='ocrx_word' id='word_1_6' title='bbox 2840 353 3035 417; x_wconf 65' lang='lat' dir='ltr'><strong>Srsr.</strong></span> 
     </span>
    </p>
   </div>
   <div class='ocr_carea' id='block_1_2' title="bbox 452 523 3037 1046">
    <p class='ocr_par' dir='ltr' id='par_1_2' title="bbox 458 523 3037 723">
     <span class='ocr_line' id='line_1_2' title="bbox 459 523 3037 614; baseline -0.002 -21"><span class='ocrx_word' id='word_1_7' title='bbox 459 541 524 594; x_wconf 89' lang='lat' dir='ltr'><strong>et</strong></span> <span class='ocrx_word' id='word_1_8' title='bbox 545 527 916 594; x_wconf 87' lang='lat' dir='ltr'><strong>subducitur</strong></span> <span class='ocrx_word' id='word_1_9' title='bbox 944 529 1271 613; x_wconf 76' lang='lat' dir='ltr'>posterior,</span> <span class='ocrx_word' id='word_1_10' title='bbox 1317 528 1429 592; x_wconf 88' lang='lat' dir='ltr'><strong>ubi</strong></span> <span class='ocrx_word' id='word_1_11' title='bbox 1458 526 1662 591; x_wconf 88' lang='lat' dir='ltr'><strong>Terra</strong></span> <span class='ocrx_word' id='word_1_12' title='bbox 1688 526 1895 614; x_wconf 86' lang='lat' dir='ltr'><strong>pergit</strong></span> <span class='ocrx_word' id='word_1_13' title='bbox 1922 547 1961 590; x_wconf 87' lang='lat' dir='ltr'><strong>a</strong></span> <span class='ocrx_word' id='word_1_14' title='bbox 1984 524 2289 610; x_wconf 87' lang='lat' dir='ltr'><strong>perihelio</strong></span> <span class='ocrx_word' id='word_1_15' title='bbox 2310 546 2426 588; x_wconf 86' lang='lat' dir='ltr'><strong>suo</strong></span> <span class='ocrx_word' id='word_1_16' title='bbox 2453 524 2535 588; x_wconf 85' lang='lat' dir='ltr'><strong>ad</strong></span> <span class='ocrx_word' id='word_1_17' title='bbox 2564 523 2919 606; x_wconf 71' lang='lat' dir='ltr'><strong>apheliumz</strong></span> <span class='ocrx_word' id='word_1_18' title='bbox 2964 534 3037 589; x_wconf 88' lang='lat' dir='ltr'><strong>et</strong></span> 
     </span>
     <span class='ocr_line' id='line_1_3' title="bbox 458 630 1771 723; baseline -0.002 -21"><span class='ocrx_word' id='word_1_19' title='bbox 458 637 838 703; x_wconf 77' lang='lat' dir='ltr'><strong>contrarium</strong></span> <span class='ocrx_word' id='word_1_20' title='bbox 867 637 941 701; x_wconf 91' lang='lat' dir='ltr'><strong>fit</strong></span> <span class='ocrx_word' id='word_1_21' title='bbox 967 638 1035 700; x_wconf 88' lang='lat' dir='ltr'><strong>in</strong></span> <span class='ocrx_word' id='word_1_22' title='bbox 1063 637 1348 723; x_wconf 68' lang='lat' dir='ltr'><strong>opposita</strong></span> <span class='ocrx_word' id='word_1_23' title='bbox 1375 637 1544 700; x_wconf 89' lang='lat' dir='ltr'><strong>orbis</strong></span> <span class='ocrx_word' id='word_1_24' title='bbox 1573 630 1771 719; x_wconf 61' lang='lat' dir='ltr'><strong>parte.</strong></span> 
     </span>
    </p>

    <p class='ocr_par' dir='ltr' id='par_1_3' title="bbox 452 742 3029 1046">
     <span class='ocr_line' id='line_1_4' title="bbox 546 742 3029 831; baseline -0.002 -23"><span class='ocrx_word' id='word_1_25' title='bbox 546 745 616 829; x_wconf 46' lang='grc' dir='ltr'><strong>(ι)</strong></span> <span class='ocrx_word' id='word_1_26' title='bbox 667 745 792 808; x_wconf 88' lang='lat' dir='ltr'><strong>Per</strong></span> <span class='ocrx_word' id='word_1_27' title='bbox 807 809 815 828; x_wconf 27' lang='grc' dir='ltr'><strong>Ι,</strong></span> <span class='ocrx_word' id='word_1_28' title='bbox 838 743 1144 812; x_wconf 80' lang='lat' dir='ltr'><strong>theoriam</strong></span> <span class='ocrx_word' id='word_1_29' title='bbox 1171 745 1492 831; x_wconf 83' lang='lat' dir='ltr'><strong>gravitatis</strong></span> <span class='ocrx_word' id='word_1_30' title='bbox 1521 743 1800 806; x_wconf 90' lang='lat' dir='ltr'><strong>constitit</strong></span> <span class='ocrx_word' id='word_1_31' title='bbox 1840 743 2029 808; x_wconf 84' lang='lat' dir='ltr'><strong>etiam</strong></span> <span class='ocrx_word' id='word_1_32' title='bbox 2058 743 2229 830; x_wconf 91' lang='lat' dir='ltr'><strong>quod</strong></span> <span class='ocrx_word' id='word_1_33' title='bbox 2258 744 2419 808; x_wconf 87' lang='lat' dir='ltr'><strong>actio</strong></span> <span class='ocrx_word' id='word_1_34' title='bbox 2452 743 2617 808; x_wconf 65' lang='lat' dir='ltr'><strong>Solis</strong></span> <span class='ocrx_word' id='word_1_35' title='bbox 2658 744 2726 806; x_wconf 92' lang='lat' dir='ltr'><strong>in</strong></span> <span class='ocrx_word' id='word_1_36' title='bbox 2776 742 3029 806; x_wconf 85' lang='lat' dir='ltr'><strong>Lunam</strong></span> 
     </span>
     <span class='ocr_line' id='line_1_5' title="bbox 452 850 3026 944; baseline -0.001 -30"><span class='ocrx_word' id='word_1_37' title='bbox 452 851 656 944; x_wconf 26' lang='lat' dir='ltr'><strong>paulo·</strong></span> <span class='ocrx_word' id='word_1_38' title='bbox 671 851 870 934; x_wconf 86' lang='lat' dir='ltr'><strong>major</strong></span> <span class='ocrx_word' id='word_1_39' title='bbox 915 850 1012 927; x_wconf 87' lang='lat' dir='ltr'><strong>sit,</strong></span> <span class='ocrx_word' id='word_1_40' title='bbox 1062 850 1194 914; x_wconf 76' lang='lat' dir='ltr'><strong>ubi·</strong></span> <span class='ocrx_word' id='word_1_41' title='bbox 1220 862 1569 914; x_wconf 88' lang='lat' dir='ltr'><strong>transversa</strong></span> <span class='ocrx_word' id='word_1_42' title='bbox 1599 850 1902 914; x_wconf 82' lang='lat' dir='ltr'><strong>diameter</strong></span> <span class='ocrx_word' id='word_1_43' title='bbox 1930 851 2101 914; x_wconf 89' lang='lat' dir='ltr'><strong>orbis</strong></span> <span class='ocrx_word' id='word_1_44' title='bbox 2131 850 2369 914; x_wconf 87' lang='lat' dir='ltr'><strong>lunaris</strong></span> <span class='ocrx_word' id='word_1_45' title='bbox 2397 851 2619 914; x_wconf 78' lang='lat' dir='ltr'><strong>transit</strong></span> <span class='ocrx_word' id='word_1_46' title='bbox 2644 872 2761 933; x_wconf 91' lang='lat' dir='ltr'><strong>per</strong></span> <span class='ocrx_word' id='word_1_47' title='bbox 2793 850 3026 926; x_wconf 88' lang='lat' dir='ltr'><strong>Solem,</strong></span> 
     </span>
     <span class='ocr_line' id='line_1_6' title="bbox 459 957 3026 1046; baseline 0 -23"><span class='ocrx_word' id='word_1_48' title='bbox 459 957 646 1046; x_wconf 70' lang='lat' dir='ltr'><strong>quam</strong></span> <span class='ocrx_word' id='word_1_49' title='bbox 675 958 786 1022; x_wconf 91' lang='lat' dir='ltr'><strong>ubi</strong></span> <span class='ocrx_word' id='word_1_50' title='bbox 813 958 1032 1022; x_wconf 88' lang='lat' dir='ltr'><strong>eadem</strong></span> <span class='ocrx_word' id='word_1_51' title='bbox 1063 958 1145 1022; x_wconf 90' lang='lat' dir='ltr'><strong>ad</strong></span> <span class='ocrx_word' id='word_1_52' title='bbox 1172 971 1378 1022; x_wconf 86' lang='lat' dir='ltr'><strong>rectos</strong></span> <span class='ocrx_word' id='word_1_53' title='bbox 1429 971 1524 1023; x_wconf 90' lang='lat' dir='ltr'><strong>est</strong></span> <span class='ocrx_word' id='word_1_54' title='bbox 1575 958 1839 1045; x_wconf 84' lang='lat' dir='ltr'><strong>angulos</strong></span> <span class='ocrx_word' id='word_1_55' title='bbox 1868 979 2014 1022; x_wconf 90' lang='lat' dir='ltr'><strong>cum</strong></span> <span class='ocrx_word' id='word_1_56' title='bbox 2038 958 2203 1024; x_wconf 66' lang='lat' dir='ltr'><strong>linea</strong></span> <span class='ocrx_word' id='word_1_57' title='bbox 2236 959 2505 1022; x_wconf 87' lang='lat' dir='ltr'><strong>Terram</strong></span> <span class='ocrx_word' id='word_1_58' title='bbox 2532 971 2597 1023; x_wconf 91' lang='lat' dir='ltr'><strong>et</strong></span> <span class='ocrx_word' id='word_1_59' title='bbox 2629 959 2839 1022; x_wconf 89' lang='lat' dir='ltr'><strong>Solem</strong></span> <span class='ocrx_word' id='word_1_60' title='bbox 2877 960 3026 1042; x_wconf 85' lang='lat' dir='ltr'><strong>jun-</strong></span> 
     </span>
    </p>
   </div>
   <div class='ocr_carea' id='block_1_3' title="bbox 451 1066 3127 1155">
    <p class='ocr_par' dir='ltr' id='par_1_4' title="bbox 451 1066 3127 1155">
     <span class='ocr_line' id='line_1_7' title="bbox 451 1066 3127 1155; baseline -0.001 -23"><span class='ocrx_word' id='word_1_61' title='bbox 451 1081 673 1155; x_wconf 86' lang='lat' dir='ltr'><strong>gente:</strong></span> <span class='ocrx_word' id='word_1_62' title='bbox 721 1081 786 1132; x_wconf 90' lang='lat' dir='ltr'><strong>et</strong></span> <span class='ocrx_word' id='word_1_63' title='bbox 811 1082 1144 1153; x_wconf 89' lang='lat' dir='ltr'><strong>propterea</strong></span> <span class='ocrx_word' id='word_1_64' title='bbox 1171 1069 1341 1134; x_wconf 89' lang='lat' dir='ltr'><strong>orbis</strong></span> <span class='ocrx_word' id='word_1_65' title='bbox 1371 1069 1606 1132; x_wconf 90' lang='lat' dir='ltr'><strong>lunaris</strong></span> <span class='ocrx_word' id='word_1_66' title='bbox 1633 1067 1827 1152; x_wconf 86' lang='lat' dir='ltr'><strong>paulo</strong></span> <span class='ocrx_word' id='word_1_67' title='bbox 1855 1069 2055 1153; x_wconf 85' lang='lat' dir='ltr'><strong>major</strong></span> <span class='ocrx_word' id='word_1_68' title='bbox 2082 1079 2179 1132; x_wconf 90' lang='lat' dir='ltr'><strong>est</strong></span> <span class='ocrx_word' id='word_1_69' title='bbox 2206 1068 2272 1131; x_wconf 89' lang='lat' dir='ltr'><strong>in</strong></span> <span class='ocrx_word' id='word_1_70' title='bbox 2300 1068 2511 1151; x_wconf 89' lang='lat' dir='ltr'><strong>priore</strong></span> <span class='ocrx_word' id='word_1_71' title='bbox 2554 1089 2701 1130; x_wconf 89' lang='lat' dir='ltr'><strong>casu</strong></span> <span class='ocrx_word' id='word_1_72' title='bbox 2730 1066 2914 1152; x_wconf 72' lang='lat' dir='ltr'><strong>quam</strong></span> <span class='ocrx_word' id='word_1_73' title='bbox 2958 1069 3029 1130; x_wconf 89' lang='lat' dir='ltr'><strong>in</strong></span> <span class='ocrx_word' id='word_1_74' title='bbox 3120 1131 3127 1136; x_wconf 80' lang='grc'>,</span> 
     </span>
    </p>
   </div>
   <div class='ocr_carea' id='block_1_4' title="bbox 450 1173 3025 1366">
    <p class='ocr_par' dir='ltr' id='par_1_5' title="bbox 450 1173 3025 1366">
     <span class='ocr_line' id='line_1_8' title="bbox 450 1173 3025 1260; baseline 0 -22"><span class='ocrx_word' id='word_1_75' title='bbox 450 1175 814 1259; x_wconf 89' lang='lat' dir='ltr'><strong>posteriore.</strong></span> <span class='ocrx_word' id='word_1_76' title='bbox 906 1175 984 1260; x_wconf 83' lang='lat'>(¹¹)</span> <span class='ocrx_word' id='word_1_77' title='bbox 1037 1175 1124 1240; x_wconf 89' lang='lat' dir='ltr'><strong>Et</strong></span> <span class='ocrx_word' id='word_1_78' title='bbox 1150 1173 1298 1238; x_wconf 90' lang='lat' dir='ltr'><strong>hinc</strong></span> <span class='ocrx_word' id='word_1_79' title='bbox 1329 1174 1526 1239; x_wconf 86' lang='lat' dir='ltr'><strong>oritur</strong></span> <span class='ocrx_word' id='word_1_80' title='bbox 1555 1174 1678 1238; x_wconf 86' lang='lat' dir='ltr'><strong>alia</strong></span> <span class='ocrx_word' id='word_1_81' title='bbox 1706 1173 1975 1260; x_wconf 70' lang='lat' dir='ltr'><strong>aequatio</strong></span> <span class='ocrx_word' id='word_1_82' title='bbox 2004 1173 2212 1254; x_wconf 70' lang='lat' dir='ltr'><strong>motus</strong></span> <span class='ocrx_word' id='word_1_83' title='bbox 2240 1173 2431 1238; x_wconf 80' lang='lat' dir='ltr'><strong>medii</strong></span> <span class='ocrx_word' id='word_1_84' title='bbox 2458 1174 2712 1250; x_wconf 80' lang='lat' dir='ltr'><strong>lunariS,</strong></span> <span class='ocrx_word' id='word_1_85' title='bbox 2742 1175 3025 1256; x_wconf 86' lang='lat' dir='ltr'><strong>pendens</strong></span> 
     </span>
     <span class='ocr_line' id='line_1_9' title="bbox 450 1277 3023 1366; baseline 0 -22"><span class='ocrx_word' id='word_1_86' title='bbox 450 1303 490 1344; x_wconf 89' lang='lat' dir='ltr'><strong>a</strong></span> <span class='ocrx_word' id='word_1_87' title='bbox 539 1281 662 1344; x_wconf 90' lang='lat' dir='ltr'><strong>situ</strong></span> <span class='ocrx_word' id='word_1_88' title='bbox 691 1281 936 1366; x_wconf 85' lang='lat' dir='ltr'><strong>apogaei</strong></span> <span class='ocrx_word' id='word_1_89' title='bbox 967 1279 1172 1344; x_wconf 87' lang='lat' dir='ltr'><strong>Lunae</strong></span> <span class='ocrx_word' id='word_1_90' title='bbox 1221 1280 1304 1344; x_wconf 89' lang='lat' dir='ltr'><strong>ad</strong></span> <span class='ocrx_word' id='word_1_91' title='bbox 1355 1278 1586 1356; x_wconf 87' lang='lat' dir='ltr'><strong>Solem,</strong></span> <span class='ocrx_word' id='word_1_92' title='bbox 1639 1301 1782 1366; x_wconf 80' lang='lat' dir='ltr'><strong>quae</strong></span> <span class='ocrx_word' id='word_1_93' title='bbox 1812 1278 2065 1365; x_wconf 90' lang='lat' dir='ltr'><strong>quidem</strong></span> <span class='ocrx_word' id='word_1_94' title='bbox 2090 1279 2367 1342; x_wconf 85' lang='lat' dir='ltr'><strong>maxima</strong></span> <span class='ocrx_word' id='word_1_95' title='bbox 2397 1291 2493 1343; x_wconf 91' lang='lat' dir='ltr'><strong>est</strong></span> <span class='ocrx_word' id='word_1_96' title='bbox 2522 1277 2667 1342; x_wconf 76' lang='lat' dir='ltr'><strong>clim</strong></span> <span class='ocrx_word' id='word_1_97' title='bbox 2694 1301 3023 1366; x_wconf 72' lang='lat' dir='ltr'><strong>apogaeum</strong></span> 
     </span>
    </p>
   </div>
   <div class='ocr_carea' id='block_1_5' title="bbox 453 1384 3070 1474">
    <p class='ocr_par' dir='ltr' id='par_1_6' title="bbox 453 1384 3070 1474">
     <span class='ocr_line' id='line_1_10' title="bbox 453 1384 3070 1474; baseline 0.001 -22"><span class='ocrx_word' id='word_1_98' title='bbox 453 1387 660 1452; x_wconf 85' lang='lat' dir='ltr'><strong>Lunae</strong></span> <span class='ocrx_word' id='word_1_99' title='bbox 687 1399 971 1452; x_wconf 86' lang='lat' dir='ltr'><strong>versatur</strong></span> <span class='ocrx_word' id='word_1_100' title='bbox 1015 1387 1084 1450; x_wconf 89' lang='lat' dir='ltr'><strong>in</strong></span> <span class='ocrx_word' id='word_1_101' title='bbox 1129 1397 1376 1450; x_wconf 87' lang='lat' dir='ltr'><strong>octante</strong></span> <span class='ocrx_word' id='word_1_102' title='bbox 1406 1408 1550 1450; x_wconf 90' lang='lat' dir='ltr'><strong>cum</strong></span> <span class='ocrx_word' id='word_1_103' title='bbox 1583 1387 1769 1462; x_wconf 87' lang='lat' dir='ltr'><strong>Sole3</strong></span> <span class='ocrx_word' id='word_1_104' title='bbox 1814 1399 1877 1450; x_wconf 89' lang='lat' dir='ltr'><strong>et</strong></span> <span class='ocrx_word' id='word_1_105' title='bbox 1906 1386 2079 1450; x_wconf 82' lang='lat' dir='ltr'><strong>nulla</strong></span> <span class='ocrx_word' id='word_1_106' title='bbox 2107 1384 2249 1450; x_wconf 75' lang='lat' dir='ltr'><strong>cum</strong></span> <span class='ocrx_word' id='word_1_107' title='bbox 2276 1386 2435 1450; x_wconf 86' lang='lat' dir='ltr'><strong>illud</strong></span> <span class='ocrx_word' id='word_1_108' title='bbox 2484 1386 2564 1450; x_wconf 90' lang='lat' dir='ltr'><strong>ad</strong></span> <span class='ocrx_word' id='word_1_109' title='bbox 2616 1388 3025 1474; x_wconf 81' lang='lat' dir='ltr'><strong>quadraturas</strong></span> <span class='ocrx_word' id='word_1_110' title='bbox 3062 1411 3070 1414; x_wconf 83' lang='grc'><em>·</em></span> 
     </span>
    </p>
   </div>
   <div class='ocr_carea' id='block_1_6' title="bbox 347 1495 3027 1903">
    <p class='ocr_par' dir='ltr' id='par_1_7' title="bbox 347 1495 3027 1903">
     <span class='ocr_line' id='line_1_11' title="bbox 449 1495 3027 1584; baseline 0 -24"><span class='ocrx_word' id='word_1_111' title='bbox 449 1497 552 1562; x_wconf 83' lang='lat' dir='ltr'><strong>vel</strong></span> <span class='ocrx_word' id='word_1_112' title='bbox 580 1497 858 1583; x_wconf 84' lang='lat' dir='ltr'><strong>syzygias</strong></span> <span class='ocrx_word' id='word_1_113' title='bbox 885 1496 1208 1579; x_wconf 72' lang='lat' dir='ltr'><strong>pervenitz</strong></span> <span class='ocrx_word' id='word_1_114' title='bbox 1256 1509 1318 1561; x_wconf 90' lang='lat' dir='ltr'><strong>et</strong></span> <span class='ocrx_word' id='word_1_115' title='bbox 1345 1497 1544 1560; x_wconf 89' lang='lat' dir='ltr'><strong>motui</strong></span> <span class='ocrx_word' id='word_1_116' title='bbox 1574 1495 1784 1558; x_wconf 91' lang='lat' dir='ltr'><strong>medio</strong></span> <span class='ocrx_word' id='word_1_117' title='bbox 1812 1495 2063 1560; x_wconf 82' lang='lat' dir='ltr'>additur</span> <span class='ocrx_word' id='word_1_118' title='bbox 2092 1495 2157 1558; x_wconf 92' lang='lat' dir='ltr'><strong>in</strong></span> <span class='ocrx_word' id='word_1_119' title='bbox 2187 1497 2453 1560; x_wconf 88' lang='lat' dir='ltr'><strong>transitu</strong></span> <span class='ocrx_word' id='word_1_120' title='bbox 2482 1499 2722 1584; x_wconf 76' lang='lat' dir='ltr'><strong>apogaei</strong></span> <span class='ocrx_word' id='word_1_121' title='bbox 2755 1498 2959 1561; x_wconf 86' lang='lat' dir='ltr'><strong>Lunae</strong></span> <span class='ocrx_word' id='word_1_122' title='bbox 2986 1523 3027 1562; x_wconf 87' lang='lat' dir='ltr'><strong>a</strong></span> 
     </span>
     <span class='ocr_line' id='line_1_12' title="bbox 457 1587 3025 1692; baseline 0.001 -26"><span class='ocrx_word' id='word_1_123' title='bbox 457 1603 620 1667; x_wconf 88' lang='lat' dir='ltr'><strong>Solis</strong></span> <span class='ocrx_word' id='word_1_124' title='bbox 653 1587 1032 1689; x_wconf 66' lang='lat' dir='ltr'><strong>quadratura</strong></span> <span class='ocrx_word' id='word_1_125' title='bbox 1061 1601 1145 1666; x_wconf 87' lang='lat' dir='ltr'><strong>ad</strong></span> <span class='ocrx_word' id='word_1_126' title='bbox 1174 1603 1506 1688; x_wconf 83' lang='lat' dir='ltr'><strong>syzygiam,</strong></span> <span class='ocrx_word' id='word_1_127' title='bbox 1557 1613 1620 1664; x_wconf 91' lang='lat' dir='ltr'><strong>et</strong></span> <span class='ocrx_word' id='word_1_128' title='bbox 1648 1601 2013 1666; x_wconf 88' lang='lat' dir='ltr'><strong>subducitur</strong></span> <span class='ocrx_word' id='word_1_129' title='bbox 2042 1601 2108 1663; x_wconf 88' lang='lat' dir='ltr'><strong>in</strong></span> <span class='ocrx_word' id='word_1_130' title='bbox 2138 1603 2400 1666; x_wconf 87' lang='lat' dir='ltr'><strong>transitu</strong></span> <span class='ocrx_word' id='word_1_131' title='bbox 2430 1605 2675 1690; x_wconf 86' lang='lat' dir='ltr'><strong>apogaei</strong></span> <span class='ocrx_word' id='word_1_132' title='bbox 2704 1627 2743 1666; x_wconf 88' lang='lat' dir='ltr'><strong>a</strong></span> <span class='ocrx_word' id='word_1_133' title='bbox 2772 1605 3025 1692; x_wconf 62' lang='lat' dir='ltr'><strong>syzygia</strong></span> 
     </span>
     <span class='ocr_line' id='line_1_13' title="bbox 449 1695 3022 1794; baseline 0.001 -22"><span class='ocrx_word' id='word_1_134' title='bbox 449 1709 533 1772; x_wconf 86' lang='lat' dir='ltr'><strong>ad</strong></span> <span class='ocrx_word' id='word_1_135' title='bbox 564 1707 1025 1794; x_wconf 81' lang='lat' dir='ltr'><strong>quadraturam.</strong></span> <span class='ocrx_word' id='word_1_136' title='bbox 1117 1706 1283 1772; x_wconf 83' lang='lat' dir='ltr'><strong>Haec</strong></span> <span class='ocrx_word' id='word_1_137' title='bbox 1311 1706 1601 1794; x_wconf 86' lang='lat' dir='ltr'><strong>aequatio,</strong></span> <span class='ocrx_word' id='word_1_138' title='bbox 1651 1729 1841 1793; x_wconf 87' lang='lat' dir='ltr'><strong>quam</strong></span> <span class='ocrx_word' id='word_1_139' title='bbox 1870 1718 2227 1772; x_wconf 85' lang='lat' dir='ltr'><strong>semestrem</strong></span> <span class='ocrx_word' id='word_1_140' title='bbox 2256 1710 2514 1786; x_wconf 85' lang='lat' dir='ltr'><strong>vocab0,</strong></span> <span class='ocrx_word' id='word_1_141' title='bbox 2562 1695 2627 1771; x_wconf 77' lang='lat' dir='ltr'><strong>in</strong></span> <span class='ocrx_word' id='word_1_142' title='bbox 2672 1712 3022 1774; x_wconf 87' lang='lat' dir='ltr'><strong>octantibus</strong></span> 
     </span>
     <span class='ocr_line' id='line_1_14' title="bbox 347 1814 3023 1903; baseline 0 -23"><span class='ocrx_word' id='word_1_143' title='bbox 347 1895 353 1899; x_wconf 81' lang='lat'><strong>.</strong></span> <span class='ocrx_word' id='word_1_144' title='bbox 444 1817 710 1903; x_wconf 82' lang='lat' dir='ltr'><strong>apogaei,</strong></span> <span class='ocrx_word' id='word_1_145' title='bbox 763 1814 1016 1900; x_wconf 89' lang='lat' dir='ltr'><strong>quando</strong></span> <span class='ocrx_word' id='word_1_146' title='bbox 1043 1815 1319 1876; x_wconf 86' lang='lat' dir='ltr'><strong>maxima</strong></span> <span class='ocrx_word' id='word_1_147' title='bbox 1345 1826 1456 1891; x_wconf 87' lang='lat' dir='ltr'><strong>est,</strong></span> <span class='ocrx_word' id='word_1_148' title='bbox 1477 1815 1756 1880; x_wconf 83' lang='lat' dir='ltr'><strong>ascendit</strong></span> <span class='ocrx_word' id='word_1_149' title='bbox 1784 1815 1866 1879; x_wconf 92' lang='lat' dir='ltr'><strong>ad</strong></span> <span class='ocrx_word' id='word_1_150' title='bbox 1898 1817 1976 1880; x_wconf 68' lang='grc' dir='ltr'><strong>δ’.</strong></span> <span class='ocrx_word' id='word_1_151' title='bbox 2009 1816 2150 1882; x_wconf 74' lang='grc'><strong>45”.</strong></span> <span class='ocrx_word' id='word_1_152' title='bbox 2182 1815 2446 1894; x_wconf 85' lang='lat' dir='ltr'><strong>circiter,</strong></span> <span class='ocrx_word' id='word_1_153' title='bbox 2498 1816 2577 1902; x_wconf 83' lang='lat'><strong>(¹)</strong></span> <span class='ocrx_word' id='word_1_154' title='bbox 2608 1815 2910 1900; x_wconf 74' lang='lat' dir='ltr'><strong>quantum</strong></span> <span class='ocrx_word' id='word_1_155' title='bbox 2938 1841 3023 1881; x_wconf 84' lang='lat' dir='ltr'><strong>ex</strong></span> 
     </span>
    </p>
   </div>
   <div class='ocr_carea' id='block_1_7' title="bbox 442 1920 3097 2009">
    <p class='ocr_par' dir='ltr' id='par_1_8' title="bbox 442 1920 3097 2009">
     <span class='ocr_line' id='line_1_15' title="bbox 442 1920 3097 2009; baseline 0.002 -25"><span class='ocrx_word' id='word_1_156' title='bbox 442 1922 871 2007; x_wconf 86' lang='lat' dir='ltr'><strong>phaenomenis</strong></span> <span class='ocrx_word' id='word_1_157' title='bbox 901 1921 1197 2008; x_wconf 83' lang='lat' dir='ltr'><strong>colligere</strong></span> <span class='ocrx_word' id='word_1_158' title='bbox 1222 1920 1416 2005; x_wconf 87' lang='lat' dir='ltr'><strong>potui.</strong></span> <span class='ocrx_word' id='word_1_159' title='bbox 1519 1924 1687 1990; x_wconf 83' lang='lat' dir='ltr'><strong>Hoec</strong></span> <span class='ocrx_word' id='word_1_160' title='bbox 1734 1934 1829 1989; x_wconf 90' lang='lat' dir='ltr'><strong>est</strong></span> <span class='ocrx_word' id='word_1_161' title='bbox 1878 1925 2008 2008; x_wconf 82' lang='lat' dir='ltr'><strong>ejus</strong></span> <span class='ocrx_word' id='word_1_162' title='bbox 2039 1923 2348 2009; x_wconf 81' lang='lat' dir='ltr'><strong>quantitas</strong></span> <span class='ocrx_word' id='word_1_163' title='bbox 2398 1925 2461 1988; x_wconf 90' lang='lat' dir='ltr'><strong>in</strong></span> <span class='ocrx_word' id='word_1_164' title='bbox 2508 1923 2806 1988; x_wconf 87' lang='lat' dir='ltr'><strong>mediocri</strong></span> <span class='ocrx_word' id='word_1_165' title='bbox 2856 1925 3022 1990; x_wconf 86' lang='lat' dir='ltr'><strong>Solis</strong></span> <span class='ocrx_word' id='word_1_166' title='bbox 3088 1957 3097 1966; x_wconf 86' lang='lat'><strong>·</strong></span> 
     </span>
    </p>
   </div>
   <div class='ocr_carea' id='block_1_8' title="bbox 443 2092 3021 2247">
    <p class='ocr_par' dir='ltr' id='par_1_9' title="bbox 443 2092 3021 2247">
     <span class='ocr_line' id='line_1_16' title="bbox 443 2092 3021 2183; baseline -0 -19"><span class='ocrx_word' id='word_1_167' title='bbox 443 2117 557 2164; x_wconf 72' lang='lat' dir='ltr'><strong>helio</strong></span> <span class='ocrx_word' id='word_1_168' title='bbox 579 2133 659 2165; x_wconf 75' lang='lat' dir='ltr'><strong>suo</strong></span> <span class='ocrx_word' id='word_1_169' title='bbox 680 2121 744 2164; x_wconf 84' lang='lat' dir='ltr'><strong>ad</strong></span> <span class='ocrx_word' id='word_1_170' title='bbox 764 2092 996 2178; x_wconf 74' lang='lat' dir='ltr'><strong>aphelium</strong></span> <span class='ocrx_word' id='word_1_171' title='bbox 1008 2137 1027 2172; x_wconf 84' lang='lat'><strong>,-</strong></span> <span class='ocrx_word' id='word_1_172' title='bbox 1061 2125 1218 2162; x_wconf 88' lang='lat' dir='ltr'><strong>motus</strong></span> <span class='ocrx_word' id='word_1_173' title='bbox 1247 2115 1430 2178; x_wconf 77' lang='lat' dir='ltr'><strong>apogaei</strong></span> <span class='ocrx_word' id='word_1_174' title='bbox 1453 2115 1607 2162; x_wconf 53' lang='lat' dir='ltr'><strong>Lunai</strong></span> <span class='ocrx_word' id='word_1_175' title='bbox 1639 2136 1710 2164; x_wconf 74' lang='lat' dir='ltr'><strong>es-</strong></span> <span class='ocrx_word' id='word_1_176' title='bbox 1762 2119 1961 2183; x_wconf 65' lang='lat' dir='ltr'><strong>utrique</strong></span> <span class='ocrx_word' id='word_1_177' title='bbox 1980 2098 2261 2182; x_wconf 65' lang='lat' dir='ltr'><strong>quadratura</strong></span> <span class='ocrx_word' id='word_1_178' title='bbox 2281 2117 2454 2179; x_wconf 82' lang='lat' dir='ltr'><strong>positae,</strong></span> <span class='ocrx_word' id='word_1_179' title='bbox 2492 2115 2631 2164; x_wconf 88' lang='lat' dir='ltr'><strong>simul</strong></span> <span class='ocrx_word' id='word_1_180' title='bbox 2654 2124 2867 2176; x_wconf 75' lang='lat' dir='ltr'><strong>sumptae,</strong></span> <span class='ocrx_word' id='word_1_181' title='bbox 2898 2127 3021 2178; x_wconf 55' lang='lat' dir='ltr'><strong>,sum</strong></span> 
     </span>
     <span class='ocr_line' id='line_1_17' title="bbox 443 2177 3021 2247; baseline -0.003 -15"><span class='ocrx_word' id='word_1_182' title='bbox 443 2180 772 2242; x_wconf 66' lang='lat' dir='ltr'><strong>progressivus‚</strong></span> <span class='ocrx_word' id='word_1_183' title='bbox 812 2189 970 2226; x_wconf 73' lang='lat' dir='ltr'><strong>motus</strong></span> <span class='ocrx_word' id='word_1_184' title='bbox 996 2177 1106 2226; x_wconf 59' lang='lat' dir='ltr'><strong>ver&amp;</strong></span> <span class='ocrx_word' id='word_1_185' title='bbox 1133 2179 1246 2226; x_wconf 73' lang='lat' dir='ltr'><strong>nodi</strong></span> <span class='ocrx_word' id='word_1_186' title='bbox 1278 2188 1347 2226; x_wconf 55' lang='lat' dir='ltr'><strong>&amp;t</strong></span> <span class='ocrx_word' id='word_1_187' title='bbox 1383 2177 1677 2240; x_wconf 61' lang='lat' dir='ltr'><strong>retrogradus</strong></span> <span class='ocrx_word' id='word_1_188' title='bbox 1689 2197 1708 2237; x_wconf 82' lang='lat'>3</span> <span class='ocrx_word' id='word_1_189' title='bbox 1764 2185 1963 2247; x_wconf 80' lang='lat' dir='ltr'><strong>aequales</strong></span> <span class='ocrx_word' id='word_1_190' title='bbox 1983 2185 2059 2230; x_wconf 87' lang='lat' dir='ltr'><strong>axi</strong></span> <span class='ocrx_word' id='word_1_191' title='bbox 2078 2183 2257 2245; x_wconf 85' lang='lat' dir='ltr'><strong>maj0ri,</strong></span> <span class='ocrx_word' id='word_1_192' title='bbox 2280 2191 2329 2230; x_wconf 87' lang='lat' dir='ltr'><strong>et</strong></span> <span class='ocrx_word' id='word_1_193' title='bbox 2349 2181 2461 2229; x_wconf 67' lang='lat' dir='ltr'><strong>cum</strong></span> <span class='ocrx_word' id='word_1_194' title='bbox 2479 2181 2623 2229; x_wconf 86' lang='lat' dir='ltr'><strong>Luna</strong></span> <span class='ocrx_word' id='word_1_195' title='bbox 2643 2193 2713 2226; x_wconf 87' lang='lat' dir='ltr'><strong>est</strong></span> <span class='ocrx_word' id='word_1_196' title='bbox 2732 2181 2781 2226; x_wconf 90' lang='lat' dir='ltr'><strong>in</strong></span> <span class='ocrx_word' id='word_1_197' title='bbox 2804 2180 3021 2241; x_wconf 72' lang='lat' dir='ltr'><strong>syzygiis,</strong></span> 
     </span>
    </p>
   </div>
   <div class='ocr_carea' id='block_1_9' title="bbox 411 2241 1709 3130">
    <p class='ocr_par' dir='ltr' id='par_1_10' title="bbox 443 2241 1709 2497">
     <span class='ocr_line' id='line_1_18' title="bbox 447 2241 1707 2303; baseline -0.002 -12"><span class='ocrx_word' id='word_1_198' title='bbox 447 2241 598 2291; x_wconf 63' lang='lat' dir='ltr'><strong>Terra</strong></span> <span class='ocrx_word' id='word_1_199' title='bbox 616 2254 774 2290; x_wconf 85' lang='lat' dir='ltr'><strong>autem</strong></span> <span class='ocrx_word' id='word_1_200' title='bbox 797 2259 825 2288; x_wconf 88' lang='lat' dir='ltr'><strong>a</strong></span> <span class='ocrx_word' id='word_1_201' title='bbox 846 2242 1070 2303; x_wconf 83' lang='lat' dir='ltr'><strong>perihelio</strong></span> <span class='ocrx_word' id='word_1_202' title='bbox 1090 2242 1367 2303; x_wconf 83' lang='lat' dir='ltr'><strong>procedente</strong></span> <span class='ocrx_word' id='word_1_203' title='bbox 1389 2251 1583 2303; x_wconf 88' lang='lat' dir='ltr'><strong>uterque</strong></span> <span class='ocrx_word' id='word_1_204' title='bbox 1603 2257 1707 2288; x_wconf 87' lang='lat' dir='ltr'><strong>mo-</strong></span> 
     </span>
     <span class='ocr_line' id='line_1_19' title="bbox 445 2305 1709 2369; baseline -0.002 -14"><span class='ocrx_word' id='word_1_205' title='bbox 445 2315 523 2355; x_wconf 86' lang='lat' dir='ltr'><strong>tus</strong></span> <span class='ocrx_word' id='word_1_206' title='bbox 543 2307 694 2369; x_wconf 83' lang='lat' dir='ltr'><strong>major</strong></span> <span class='ocrx_word' id='word_1_207' title='bbox 712 2307 766 2354; x_wconf 80' lang='lat' dir='ltr'><strong>fit</strong></span> <span class='ocrx_word' id='word_1_208' title='bbox 785 2316 918 2352; x_wconf 86' lang='lat' dir='ltr'><strong>motu</strong></span> <span class='ocrx_word' id='word_1_209' title='bbox 936 2307 1105 2362; x_wconf 79' lang='lat' dir='ltr'><strong>medio,</strong></span> <span class='ocrx_word' id='word_1_210' title='bbox 1130 2306 1240 2353; x_wconf 90' lang='lat' dir='ltr'><strong>inde</strong></span> <span class='ocrx_word' id='word_1_211' title='bbox 1252 2321 1364 2368; x_wconf 81' lang='lat' dir='ltr'><strong>ergo</strong></span> <span class='ocrx_word' id='word_1_212' title='bbox 1379 2306 1486 2365; x_wconf 87' lang='lat' dir='ltr'><strong>plus</strong></span> <span class='ocrx_word' id='word_1_213' title='bbox 1502 2305 1709 2365; x_wconf 80' lang='lat' dir='ltr'><strong>procedit</strong></span> 
     </span>
     <span class='ocr_line' id='line_1_20' title="bbox 443 2369 1709 2497; baseline -0.002 -15"><span class='ocrx_word' id='word_1_214' title='bbox 443 2369 1583 2497; x_wconf 45' lang='lat' dir='ltr'><strong>33⁰3}ss”zzssssffgfiezgzt‘ssa&#39;xtffifflz’‘</strong></span> <span class='ocrx_word' id='word_1_215' title='bbox 1599 2369 1709 2494; x_wconf 67' lang='lat'><strong>{31:33</strong></span> 
     </span>
    </p>

    <p class='ocr_par' dir='ltr' id='par_1_11' title="bbox 445 2465 1566 2545">
     <span class='ocr_line' id='line_1_21' title="bbox 771 2465 1566 2490; baseline -0.001 0"><span class='ocrx_word' id='word_1_216' title='bbox 771 2467 807 2490; x_wconf 52' lang='grc' dir='ltr'><strong><em>ἡ</em></strong></span> <span class='ocrx_word' id='word_1_217' title='bbox 1550 2465 1566 2489; x_wconf 74' lang='lat'><em>2</em></span> 
     </span>
     <span class='ocr_line' id='line_1_22' title="bbox 445 2498 901 2545; baseline -0.002 -1"><span class='ocrx_word' id='word_1_218' title='bbox 445 2499 586 2545; x_wconf 85' lang='lat' dir='ltr'><strong>terior</strong></span> <span class='ocrx_word' id='word_1_219' title='bbox 605 2498 901 2544; x_wconf 82' lang='lat' dir='ltr'><strong>detrahenda.</strong></span> 
     </span>
    </p>

    <p class='ocr_par' dir='ltr' id='par_1_12' title="bbox 411 2562 1709 3130">
     <span class='ocr_line' id='line_1_23' title="bbox 508 2562 1707 2625; baseline 0 -15"><span class='ocrx_word' id='word_1_220' title='bbox 508 2562 574 2625; x_wconf 53' lang='grc' dir='ltr'><strong>(ἲ)</strong></span> <span class='ocrx_word' id='word_1_221' title='bbox 613 2565 644 2623; x_wconf 45' lang='grc' dir='ltr'><strong>ἒ</strong></span> <span class='ocrx_word' id='word_1_222' title='bbox 683 2566 776 2610; x_wconf 84' lang='lat' dir='ltr'><strong>Per</strong></span> <span class='ocrx_word' id='word_1_223' title='bbox 813 2563 1032 2618; x_wconf 57' lang='lat' dir='ltr'><strong>theudam</strong></span> <span class='ocrx_word' id='word_1_224' title='bbox 1065 2564 1304 2622; x_wconf 72' lang='lat' dir='ltr'><strong>gravitatis</strong></span> <span class='ocrx_word' id='word_1_225' title='bbox 1341 2563 1536 2610; x_wconf 71' lang='lat' dir='ltr'><strong>constitit</strong></span> <span class='ocrx_word' id='word_1_226' title='bbox 1568 2564 1707 2610; x_wconf 71' lang='lat' dir='ltr'><strong>etiam</strong></span> 
     </span>
     <span class='ocr_line' id='line_1_24' title="bbox 446 2627 1709 2690; baseline 0.002 -18"><span class='ocrx_word' id='word_1_227' title='bbox 446 2631 569 2690; x_wconf 69' lang='lat' dir='ltr'><strong>quod</strong></span> <span class='ocrx_word' id='word_1_228' title='bbox 599 2629 716 2674; x_wconf 83' lang='lat' dir='ltr'><strong>actio</strong></span> <span class='ocrx_word' id='word_1_229' title='bbox 737 2629 849 2673; x_wconf 80' lang='lat' dir='ltr'><strong>Solis</strong></span> <span class='ocrx_word' id='word_1_230' title='bbox 880 2629 932 2672; x_wconf 82' lang='lat' dir='ltr'><strong>in</strong></span> <span class='ocrx_word' id='word_1_231' title='bbox 966 2627 1162 2674; x_wconf 81' lang='lat' dir='ltr'><strong>Lunam</strong></span> <span class='ocrx_word' id='word_1_232' title='bbox 1186 2629 1328 2686; x_wconf 81' lang='lat' dir='ltr'><strong>paulo</strong></span> <span class='ocrx_word' id='word_1_233' title='bbox 1349 2627 1500 2688; x_wconf 81' lang='lat' dir='ltr'><strong>major</strong></span> <span class='ocrx_word' id='word_1_234' title='bbox 1528 2628 1601 2682; x_wconf 71' lang='lat' dir='ltr'><strong>ait,</strong></span> <span class='ocrx_word' id='word_1_235' title='bbox 1629 2629 1709 2674; x_wconf 69' lang='lat' dir='ltr'><strong>ub:</strong></span> 
     </span>
     <span class='ocr_line' id='line_1_25' title="bbox 446 2691 1686 2750; baseline 0.001 -14"><span class='ocrx_word' id='word_1_236' title='bbox 446 2701 704 2738; x_wconf 79' lang='lat' dir='ltr'><strong>transversa</strong></span> <span class='ocrx_word' id='word_1_237' title='bbox 725 2693 946 2738; x_wconf 70' lang='lat' dir='ltr'><strong>diameter</strong></span> <span class='ocrx_word' id='word_1_238' title='bbox 967 2692 1082 2736; x_wconf 72' lang='lat' dir='ltr'><strong>orbis</strong></span> <span class='ocrx_word' id='word_1_239' title='bbox 1115 2692 1296 2737; x_wconf 80' lang='lat' dir='ltr'><strong>lunaris</strong></span> <span class='ocrx_word' id='word_1_240' title='bbox 1327 2691 1488 2737; x_wconf 70' lang='lat' dir='ltr'><strong>tramit</strong></span> <span class='ocrx_word' id='word_1_241' title='bbox 1511 2705 1598 2750; x_wconf 80' lang='lat' dir='ltr'><strong>per</strong></span> <span class='ocrx_word' id='word_1_242' title='bbox 1629 2693 1686 2737; x_wconf 82' lang='lat' dir='ltr'><strong>So</strong></span> 
     </span>
     <span class='ocr_line' id='line_1_26' title="bbox 411 2751 1705 2808; baseline 0 -8"><span class='ocrx_word' id='word_1_243' title='bbox 411 2755 422 2762; x_wconf 91' lang='grc'><em>“</em></span> <span class='ocrx_word' id='word_1_244' title='bbox 445 2757 554 2808; x_wconf 83' lang='lat' dir='ltr'><strong>lem,</strong></span> <span class='ocrx_word' id='word_1_245' title='bbox 577 2753 661 2799; x_wconf 76' lang='grc' dir='ltr'><strong><em>διο.</em></strong></span> <span class='ocrx_word' id='word_1_246' title='bbox 736 2753 891 2799; x_wconf 87' lang='lat' dir='ltr'><strong>Facile</strong></span> <span class='ocrx_word' id='word_1_247' title='bbox 919 2751 1166 2799; x_wconf 82' lang='lat' dir='ltr'><strong>deducitur</strong></span> <span class='ocrx_word' id='word_1_248' title='bbox 1186 2769 1243 2799; x_wconf 85' lang='lat' dir='ltr'><strong>ex</strong></span> <span class='ocrx_word' id='word_1_249' title='bbox 1270 2753 1378 2800; x_wconf 90' lang='lat' dir='ltr'><strong>Cor.</strong></span> <span class='ocrx_word' id='word_1_250' title='bbox 1408 2753 1578 2800; x_wconf 80' lang='lat' dir='ltr'><strong>Theor.</strong></span> <span class='ocrx_word' id='word_1_251' title='bbox 1607 2752 1705 2800; x_wconf 86' lang='lat' dir='ltr'><strong>IV.</strong></span> 
     </span>
     <span class='ocr_line' id='line_1_27' title="bbox 442 2815 1708 2880; baseline -0.002 -16"><span class='ocrx_word' id='word_1_252' title='bbox 442 2816 612 2864; x_wconf 84' lang='lat' dir='ltr'><strong>calculi</strong></span> <span class='ocrx_word' id='word_1_253' title='bbox 643 2816 778 2874; x_wconf 83' lang='lat' dir='ltr'><strong>primi</strong></span> <span class='ocrx_word' id='word_1_254' title='bbox 819 2817 945 2878; x_wconf 86' lang='lat' dir='ltr'><strong>(pag.</strong></span> <span class='ocrx_word' id='word_1_255' title='bbox 985 2815 1090 2876; x_wconf 89' lang='grc'><strong>66.)</strong></span> <span class='ocrx_word' id='word_1_256' title='bbox 1126 2816 1254 2878; x_wconf 85' lang='lat' dir='ltr'><strong>quod</strong></span> <span class='ocrx_word' id='word_1_257' title='bbox 1294 2817 1538 2880; x_wconf 72' lang='lat' dir='ltr'><strong>(existente</strong></span> <span class='ocrx_word' id='word_1_258' title='bbox 1560 2831 1591 2863; x_wconf 86' lang='lat' dir='ltr'>x</span> <span class='ocrx_word' id='word_1_259' title='bbox 1612 2815 1708 2862; x_wconf 88' lang='lat' dir='ltr'><strong>dis-</strong></span> 
     </span>
     <span class='ocr_line' id='line_1_28' title="bbox 441 2875 1703 2940; baseline 0 -13"><span class='ocrx_word' id='word_1_260' title='bbox 441 2879 588 2927; x_wconf 60' lang='lat' dir='ltr'><strong>tantia</strong></span> <span class='ocrx_word' id='word_1_261' title='bbox 615 2879 770 2925; x_wconf 87' lang='lat' dir='ltr'><strong>Lunae</strong></span> <span class='ocrx_word' id='word_1_262' title='bbox 791 2895 820 2925; x_wconf 86' lang='lat' dir='ltr'><strong>a</strong></span> <span class='ocrx_word' id='word_1_263' title='bbox 843 2879 887 2924; x_wconf 86' lang='lat' dir='ltr'>T</span> <span class='ocrx_word' id='word_1_264' title='bbox 889 2875 1004 2933; x_wconf 62' lang='lat' dir='ltr'><strong>erra,</strong></span> <span class='ocrx_word' id='word_1_265' title='bbox 1044 2893 1069 2923; x_wconf 86' lang='lat' dir='ltr'><strong>r</strong></span> <span class='ocrx_word' id='word_1_266' title='bbox 1089 2879 1190 2940; x_wconf 85' lang='lat' dir='ltr'><strong>ejus</strong></span> <span class='ocrx_word' id='word_1_267' title='bbox 1217 2877 1436 2926; x_wconf 68' lang='lat' dir='ltr'><strong>distantia</strong></span> <span class='ocrx_word' id='word_1_268' title='bbox 1465 2878 1703 2936; x_wconf 83' lang='lat' dir='ltr'><strong>mediocri,</strong></span> 
     </span>
     <span class='ocr_line' id='line_1_29' title="bbox 444 2941 1706 3005; baseline -0.002 -15"><span class='ocrx_word' id='word_1_269' title='bbox 444 2953 493 2990; x_wconf 86' lang='lat' dir='ltr'><strong>et</strong></span> <span class='ocrx_word' id='word_1_270' title='bbox 511 2959 545 3004; x_wconf 78' lang='lat' dir='ltr'>y</span> <span class='ocrx_word' id='word_1_271' title='bbox 565 2943 674 2989; x_wconf 85' lang='lat' dir='ltr'><strong>sinu</strong></span> <span class='ocrx_word' id='word_1_272' title='bbox 707 2943 810 3005; x_wconf 71' lang='lat' dir='ltr'><strong>ejus</strong></span> <span class='ocrx_word' id='word_1_273' title='bbox 845 2941 1074 2988; x_wconf 83' lang='lat' dir='ltr'><strong>distantiae</strong></span> <span class='ocrx_word' id='word_1_274' title='bbox 1095 2959 1124 2988; x_wconf 85' lang='lat' dir='ltr'><strong>a</strong></span> <span class='ocrx_word' id='word_1_275' title='bbox 1150 2942 1444 3004; x_wconf 64' lang='lat' dir='ltr'><strong>quadratura,</strong></span> <span class='ocrx_word' id='word_1_276' title='bbox 1481 2941 1706 2992; x_wconf 80' lang='lat' dir='ltr'><strong>existente</strong></span> 
     </span>
     <span class='ocr_line' id='line_1_30' title="bbox 442 3005 1705 3069; baseline -0.001 -15"><span class='ocrx_word' id='word_1_277' title='bbox 442 3007 582 3054; x_wconf 85' lang='lat' dir='ltr'><strong>etiam</strong></span> <span class='ocrx_word' id='word_1_278' title='bbox 623 3006 664 3054; x_wconf 83' lang='lat' dir='ltr'><strong>F</strong></span> <span class='ocrx_word' id='word_1_279' title='bbox 697 3008 764 3052; x_wconf 77' lang='lat' dir='ltr'><strong>vis</strong></span> <span class='ocrx_word' id='word_1_280' title='bbox 801 3005 921 3052; x_wconf 90' lang='lat' dir='ltr'><strong>Solis</strong></span> <span class='ocrx_word' id='word_1_281' title='bbox 955 3005 1006 3051; x_wconf 91' lang='lat' dir='ltr'><strong>in</strong></span> <span class='ocrx_word' id='word_1_282' title='bbox 1045 3006 1237 3052; x_wconf 86' lang='lat' dir='ltr'><strong>Terram</strong></span> <span class='ocrx_word' id='word_1_283' title='bbox 1275 3006 1326 3052; x_wconf 89' lang='lat' dir='ltr'><strong>in</strong></span> <span class='ocrx_word' id='word_1_284' title='bbox 1353 3007 1574 3053; x_wconf 88' lang='lat' dir='ltr'><strong>mediocri</strong></span> <span class='ocrx_word' id='word_1_285' title='bbox 1603 3007 1705 3069; x_wconf 88' lang='lat' dir='ltr'><strong>ejus</strong></span> 
     </span>
     <span class='ocr_line' id='line_1_31' title="bbox 439 3068 1705 3130; baseline -0.002 -12"><span class='ocrx_word' id='word_1_286' title='bbox 439 3069 660 3118; x_wconf 65' lang='lat' dir='ltr'><strong>distantia</strong></span> <span class='ocrx_word' id='word_1_287' title='bbox 681 3069 734 3130; x_wconf 68' lang='lat' dir='ltr'><strong>a)</strong></span> <span class='ocrx_word' id='word_1_288' title='bbox 769 3069 892 3117; x_wconf 86' lang='lat' dir='ltr'><strong>actio</strong></span> <span class='ocrx_word' id='word_1_289' title='bbox 917 3068 1038 3116; x_wconf 84' lang='lat' dir='ltr'><strong>Soli&#39;s</strong></span> <span class='ocrx_word' id='word_1_290' title='bbox 1061 3070 1252 3118; x_wconf 83' lang='lat' dir='ltr'><strong>Lunam</strong></span> <span class='ocrx_word' id='word_1_291' title='bbox 1283 3071 1506 3117; x_wconf 80' lang='lat' dir='ltr'><strong>trahentis</strong></span> <span class='ocrx_word' id='word_1_292' title='bbox 1535 3083 1705 3118; x_wconf 78' lang='lat' dir='ltr'><strong>secun-</strong></span> 
     </span>
    </p>
   </div>
   <div class='ocr_carea' id='block_1_10' title="bbox 442 3149 1700 3258">
    <p class='ocr_par' dir='ltr' id='par_1_13' title="bbox 442 3149 1700 3258">
     <span class='ocr_line' id='line_1_32' title="bbox 442 3149 1700 3258; baseline 0.001 -36"><span class='ocrx_word' id='word_1_293' title='bbox 442 3175 560 3222; x_wconf 89' lang='lat' dir='ltr'><strong>dum</strong></span> <span class='ocrx_word' id='word_1_294' title='bbox 596 3171 898 3227; x_wconf 75' lang='lat' dir='ltr'><strong>directionem</strong></span> <span class='ocrx_word' id='word_1_295' title='bbox 935 3171 1052 3228; x_wconf 69' lang='lat' dir='ltr'><strong>radii</strong></span> <span class='ocrx_word' id='word_1_296' title='bbox 1089 3173 1250 3221; x_wconf 76' lang='lat' dir='ltr'><strong>orbitoe</strong></span> <span class='ocrx_word' id='word_1_297' title='bbox 1270 3171 1446 3222; x_wconf 84' lang='lat' dir='ltr'><strong>lunaris</strong></span> <span class='ocrx_word' id='word_1_298' title='bbox 1460 3181 1531 3222; x_wconf 86' lang='lat' dir='ltr'><strong>est</strong></span> <span class='ocrx_word' id='word_1_299' title='bbox 1549 3149 1613 3258; x_wconf 60' lang='lat' dir='ltr'>-rx—</span> <span class='ocrx_word' id='word_1_300' title='bbox 1646 3179 1700 3233; x_wconf 82' lang='grc' dir='ltr'>Χ</span> 
     </span>
    </p>
   </div>
   <div class='ocr_carea' id='block_1_11' title="bbox 617 3343 752 3355">
    <p class='ocr_par' dir='ltr' id='par_1_14' title="bbox 617 3343 752 3355">
     <span class='ocr_line' id='line_1_33' title="bbox 617 3343 752 3355; baseline 0 2154"><span class='ocrx_word' id='word_1_301' title='bbox 617 3343 752 3355; x_wconf 95' lang='lat' dir='ltr'><strong> </strong></span> 
     </span>
    </p>
   </div>
   <div class='ocr_carea' id='block_1_12' title="bbox 455 3373 1701 3483">
    <p class='ocr_par' dir='ltr' id='par_1_15' title="bbox 455 3373 1701 3483">
     <span class='ocr_line' id='line_1_34' title="bbox 455 3373 1701 3483; baseline 0.004 -18"><span class='ocrx_word' id='word_1_302' title='bbox 455 3374 486 3404; x_wconf 64' lang='lat' dir='ltr'><strong>a</strong></span> <span class='ocrx_word' id='word_1_303' title='bbox 507 3401 650 3467; x_wconf 83' lang='lat' dir='ltr'><strong>Unde</strong></span> <span class='ocrx_word' id='word_1_304' title='bbox 670 3373 741 3466; x_wconf 40' lang='lat' dir='ltr'><strong>¹’ea</strong></span> <span class='ocrx_word' id='word_1_305' title='bbox 770 3418 854 3476; x_wconf 83' lang='lat' dir='ltr'><strong>vis,</strong></span> <span class='ocrx_word' id='word_1_306' title='bbox 895 3418 1040 3466; x_wconf 65' lang='lat' dir='ltr'><strong>Luna</strong></span> <span class='ocrx_word' id='word_1_307' title='bbox 1059 3420 1111 3466; x_wconf 86' lang='lat' dir='ltr'><strong>in</strong></span> <span class='ocrx_word' id='word_1_308' title='bbox 1141 3419 1434 3483; x_wconf 74' lang='lat' dir='ltr'><strong>quadraturis</strong></span> <span class='ocrx_word' id='word_1_309' title='bbox 1461 3421 1701 3476; x_wconf 79' lang='lat' dir='ltr'><strong>existente,</strong></span> 
     </span>
    </p>
   </div>
   <div class='ocr_carea' id='block_1_13' title="bbox 442 3483 1704 3607">
    <p class='ocr_par' dir='ltr' id='par_1_16' title="bbox 442 3483 1704 3607">
     <span class='ocr_line' id='line_1_35' title="bbox 442 3483 1704 3607; baseline 0.001 -37"><span class='ocrx_word' id='word_1_310' title='bbox 442 3523 498 3570; x_wconf 82' lang='lat' dir='ltr'><strong>fit</strong></span> <span class='ocrx_word' id='word_1_311' title='bbox 520 3497 581 3606; x_wconf 58' lang='grc' dir='ltr'><strong>-ξ-</strong></span> <span class='ocrx_word' id='word_1_312' title='bbox 598 3528 650 3578; x_wconf 82' lang='grc' dir='ltr'>Χ</span> <span class='ocrx_word' id='word_1_313' title='bbox 677 3483 738 3607; x_wconf 62' lang='lat' dir='ltr'><strong>-aE</strong></span> <span class='ocrx_word' id='word_1_314' title='bbox 761 3528 812 3579; x_wconf 84' lang='grc' dir='ltr'>Χ</span> <span class='ocrx_word' id='word_1_315' title='bbox 837 3549 900 3560; x_wconf 90' lang='grc'><strong>-</strong></span> <span class='ocrx_word' id='word_1_316' title='bbox 922 3536 960 3577; x_wconf 80' lang='lat' dir='ltr'><strong>r,</strong></span> <span class='ocrx_word' id='word_1_317' title='bbox 985 3531 1056 3569; x_wconf 89' lang='lat' dir='ltr'><strong>est</strong></span> <span class='ocrx_word' id='word_1_318' title='bbox 1075 3538 1186 3584; x_wconf 84' lang='lat' dir='ltr'><strong>ergo</strong></span> <span class='ocrx_word' id='word_1_319' title='bbox 1207 3526 1420 3588; x_wconf 85' lang='lat' dir='ltr'><strong>negativa</strong></span> <span class='ocrx_word' id='word_1_320' title='bbox 1439 3531 1487 3570; x_wconf 86' lang='lat' dir='ltr'><strong>et</strong></span> <span class='ocrx_word' id='word_1_321' title='bbox 1506 3524 1704 3571; x_wconf 84' lang='lat' dir='ltr'><strong>Lunam</strong></span> 
     </span>
    </p>
   </div>
   <div class='ocr_carea' id='block_1_14' title="bbox 441 3623 1705 3814">
    <p class='ocr_par' dir='ltr' id='par_1_17' title="bbox 441 3623 1705 3814">
     <span class='ocr_line' id='line_1_36' title="bbox 442 3623 1701 3687; baseline -0.001 -15"><span class='ocrx_word' id='word_1_322' title='bbox 442 3624 502 3672; x_wconf 87' lang='lat' dir='ltr'><strong>ad</strong></span> <span class='ocrx_word' id='word_1_323' title='bbox 527 3625 721 3671; x_wconf 86' lang='lat' dir='ltr'><strong>Terram</strong></span> <span class='ocrx_word' id='word_1_324' title='bbox 743 3625 930 3672; x_wconf 84' lang='lat' dir='ltr'><strong>attrahit</strong></span> <span class='ocrx_word' id='word_1_325' title='bbox 942 3640 956 3681; x_wconf 90' lang='lat'><strong>;</strong></span> <span class='ocrx_word' id='word_1_326' title='bbox 981 3623 1092 3672; x_wconf 73' lang='lat' dir='ltr'><strong>cum</strong></span> <span class='ocrx_word' id='word_1_327' title='bbox 1114 3623 1224 3672; x_wconf 71' lang='lat' dir='ltr'><strong>verti</strong></span> <span class='ocrx_word' id='word_1_328' title='bbox 1248 3625 1388 3673; x_wconf 87' lang='lat' dir='ltr'><strong>Luna</strong></span> <span class='ocrx_word' id='word_1_329' title='bbox 1407 3633 1478 3673; x_wconf 84' lang='lat' dir='ltr'><strong>est</strong></span> <span class='ocrx_word' id='word_1_330' title='bbox 1497 3625 1548 3671; x_wconf 90' lang='lat' dir='ltr'><strong>in</strong></span> <span class='ocrx_word' id='word_1_331' title='bbox 1568 3640 1701 3687; x_wconf 76' lang='lat' dir='ltr'><strong>syzy-</strong></span> 
     </span>
     <span class='ocr_line' id='line_1_37' title="bbox 441 3689 1705 3814; baseline 0.001 -40"><span class='ocrx_word' id='word_1_332' title='bbox 441 3726 543 3788; x_wconf 80' lang='lat' dir='ltr'><strong>giis,</strong></span> <span class='ocrx_word' id='word_1_333' title='bbox 575 3742 631 3773; x_wconf 70' lang='lat' dir='ltr'><strong>ea</strong></span> <span class='ocrx_word' id='word_1_334' title='bbox 651 3727 771 3774; x_wconf 74' lang='lat' dir='ltr'><strong>actio</strong></span> <span class='ocrx_word' id='word_1_335' title='bbox 797 3726 917 3775; x_wconf 76' lang='lat' dir='ltr'><strong>sons</strong></span> <span class='ocrx_word' id='word_1_336' title='bbox 937 3725 991 3772; x_wconf 84' lang='lat' dir='ltr'><strong>fit</strong></span> <span class='ocrx_word' id='word_1_337' title='bbox 1011 3703 1073 3812; x_wconf 59' lang='grc' dir='ltr'><strong>ξ-</strong></span> <span class='ocrx_word' id='word_1_338' title='bbox 1097 3732 1148 3783; x_wconf 87' lang='grc' dir='ltr'>χ</span> <span class='ocrx_word' id='word_1_339' title='bbox 1173 3689 1232 3814; x_wconf 56' lang='grc' dir='ltr'><em>ξ</em></span> <span class='ocrx_word' id='word_1_340' title='bbox 1257 3733 1308 3786; x_wconf 85' lang='grc' dir='ltr'>χ</span> <span class='ocrx_word' id='word_1_341' title='bbox 1335 3733 1367 3776; x_wconf 76' lang='lat'><em>2</em></span> <span class='ocrx_word' id='word_1_342' title='bbox 1385 3742 1424 3784; x_wconf 83' lang='lat' dir='ltr'><strong>r,</strong></span> <span class='ocrx_word' id='word_1_343' title='bbox 1458 3737 1528 3776; x_wconf 84' lang='lat' dir='ltr'><strong>est</strong></span> <span class='ocrx_word' id='word_1_344' title='bbox 1548 3727 1705 3792; x_wconf 71' lang='lat' dir='ltr'><strong>itaque</strong></span> 
     </span>
    </p>
   </div>
   <div class='ocr_carea' id='block_1_15' title="bbox 438 3833 1694 4086">
    <p class='ocr_par' dir='ltr' id='par_1_18' title="bbox 438 3833 1694 4086">
     <span class='ocr_line' id='line_1_38' title="bbox 441 3833 1694 3894; baseline 0.002 -14"><span class='ocrx_word' id='word_1_345' title='bbox 441 3833 636 3894; x_wconf 78' lang='lat' dir='ltr'><strong>positiva</strong></span> <span class='ocrx_word' id='word_1_346' title='bbox 669 3840 716 3878; x_wconf 85' lang='lat' dir='ltr'><strong>et</strong></span> <span class='ocrx_word' id='word_1_347' title='bbox 753 3833 942 3880; x_wconf 85' lang='lat' dir='ltr'><strong>Lunam</strong></span> <span class='ocrx_word' id='word_1_348' title='bbox 979 3850 1008 3880; x_wconf 87' lang='lat' dir='ltr'><strong>a</strong></span> <span class='ocrx_word' id='word_1_349' title='bbox 1044 3833 1192 3880; x_wconf 69' lang='lat' dir='ltr'><strong>Terra</strong></span> <span class='ocrx_word' id='word_1_350' title='bbox 1213 3834 1454 3891; x_wconf 85' lang='lat' dir='ltr'><strong>distrahit;</strong></span> <span class='ocrx_word' id='word_1_351' title='bbox 1493 3834 1542 3880; x_wconf 90' lang='lat' dir='ltr'><strong>in</strong></span> <span class='ocrx_word' id='word_1_352' title='bbox 1581 3835 1694 3882; x_wconf 86' lang='lat' dir='ltr'><strong>locis</strong></span> 
     </span>
     <span class='ocr_line' id='line_1_39' title="bbox 441 3895 1691 3945; baseline 0.001 -2"><span class='ocrx_word' id='word_1_353' title='bbox 441 3907 600 3944; x_wconf 87' lang='lat' dir='ltr'><strong>autem</strong></span> <span class='ocrx_word' id='word_1_354' title='bbox 613 3895 852 3944; x_wconf 74' lang='lat' dir='ltr'><strong>similibus</strong></span> <span class='ocrx_word' id='word_1_355' title='bbox 881 3899 956 3944; x_wconf 73' lang='lat' dir='ltr'><strong>hae</strong></span> <span class='ocrx_word' id='word_1_356' title='bbox 992 3897 1111 3944; x_wconf 91' lang='lat' dir='ltr'><strong>Solis</strong></span> <span class='ocrx_word' id='word_1_357' title='bbox 1141 3899 1344 3944; x_wconf 74' lang='lat' dir='ltr'><strong>actiones</strong></span> <span class='ocrx_word' id='word_1_358' title='bbox 1371 3907 1480 3944; x_wconf 90' lang='lat' dir='ltr'><strong>sunt</strong></span> <span class='ocrx_word' id='word_1_359' title='bbox 1513 3907 1566 3945; x_wconf 92' lang='lat' dir='ltr'><strong>ut</strong></span> <span class='ocrx_word' id='word_1_360' title='bbox 1597 3899 1691 3945; x_wconf 87' lang='lat' dir='ltr'><strong>dis-</strong></span> 
     </span>
     <span class='ocr_line' id='line_1_40' title="bbox 440 3958 1692 4020; baseline 0.002 -14"><span class='ocrx_word' id='word_1_361' title='bbox 440 3960 600 4008; x_wconf 82' lang='lat' dir='ltr'><strong>tantiae</strong></span> <span class='ocrx_word' id='word_1_362' title='bbox 635 3975 664 4005; x_wconf 87' lang='lat' dir='ltr'>x</span> <span class='ocrx_word' id='word_1_363' title='bbox 703 3959 856 4006; x_wconf 86' lang='lat' dir='ltr'><strong>Lunae</strong></span> <span class='ocrx_word' id='word_1_364' title='bbox 877 3977 904 4006; x_wconf 89' lang='lat' dir='ltr'><strong>a</strong></span> <span class='ocrx_word' id='word_1_365' title='bbox 929 3958 1089 4009; x_wconf 74' lang='lat' dir='ltr'><strong>Tertii.</strong></span> <span class='ocrx_word' id='word_1_366' title='bbox 1161 3961 1294 4008; x_wconf 88' lang='lat' dir='ltr'><strong>Hinc</strong></span> <span class='ocrx_word' id='word_1_367' title='bbox 1327 3961 1365 4006; x_wconf 86' lang='lat' dir='ltr'><strong>si</strong></span> <span class='ocrx_word' id='word_1_368' title='bbox 1398 3961 1578 4020; x_wconf 86' lang='lat' dir='ltr'><strong>apsides</strong></span> <span class='ocrx_word' id='word_1_369' title='bbox 1599 3962 1692 4010; x_wconf 88' lang='lat' dir='ltr'><strong>sint</strong></span> 
     </span>
     <span class='ocr_line' id='line_1_41' title="bbox 438 4022 1692 4086; baseline 0.002 -17"><span class='ocrx_word' id='word_1_370' title='bbox 438 4025 490 4069; x_wconf 87' lang='lat' dir='ltr'><strong>in</strong></span> <span class='ocrx_word' id='word_1_371' title='bbox 513 4022 725 4085; x_wconf 79' lang='lat' dir='ltr'><strong>syzygiis,</strong></span> <span class='ocrx_word' id='word_1_372' title='bbox 749 4023 808 4068; x_wconf 87' lang='lat' dir='ltr'><strong>sit</strong></span> <span class='ocrx_word' id='word_1_373' title='bbox 830 4022 938 4073; x_wconf 62' lang='lat' dir='ltr'><strong>ver&amp;</strong></span> <span class='ocrx_word' id='word_1_374' title='bbox 959 4024 1167 4074; x_wconf 86' lang='lat' dir='ltr'><strong>Luna.in</strong></span> <span class='ocrx_word' id='word_1_375' title='bbox 1187 4024 1494 4086; x_wconf 79' lang='lat' dir='ltr'><strong>quadraturis,</strong></span> <span class='ocrx_word' id='word_1_376' title='bbox 1515 4027 1592 4072; x_wconf 91' lang='lat' dir='ltr'><strong>ubi</strong></span> <span class='ocrx_word' id='word_1_377' title='bbox 1609 4041 1692 4086; x_wconf 88' lang='lat' dir='ltr'><strong>per</strong></span> 
     </span>
    </p>
   </div>
   <div class='ocr_carea' id='block_1_16' title="bbox 439 4085 1718 4145">
    <p class='ocr_par' dir='ltr' id='par_1_19' title="bbox 439 4085 1718 4145">
     <span class='ocr_line' id='line_1_42' title="bbox 439 4085 1718 4145; baseline 0 -10"><span class='ocrx_word' id='word_1_378' title='bbox 439 4089 668 4135; x_wconf 84' lang='lat' dir='ltr'><strong>actionem</strong></span> <span class='ocrx_word' id='word_1_379' title='bbox 698 4085 818 4134; x_wconf 89' lang='lat' dir='ltr'><strong>Solis</strong></span> <span class='ocrx_word' id='word_1_380' title='bbox 853 4087 912 4134; x_wconf 90' lang='lat' dir='ltr'><strong>ad</strong></span> <span class='ocrx_word' id='word_1_381' title='bbox 929 4088 1143 4139; x_wconf 76' lang='lat' dir='ltr'><strong>,Terram</strong></span> <span class='ocrx_word' id='word_1_382' title='bbox 1174 4087 1384 4142; x_wconf 83' lang='lat' dir='ltr'><strong>trahitur,</strong></span> <span class='ocrx_word' id='word_1_383' title='bbox 1417 4091 1566 4135; x_wconf 81' lang='lat' dir='ltr'><strong>ambae</strong></span> <span class='ocrx_word' id='word_1_384' title='bbox 1597 4089 1690 4135; x_wconf 85' lang='lat' dir='ltr'><strong>dis·</strong></span> <span class='ocrx_word' id='word_1_385' title='bbox 1713 4138 1718 4145; x_wconf 66' lang='grc'><em>,</em></span> 
     </span>
    </p>
   </div>
   <div class='ocr_carea' id='block_1_17' title="bbox 432 4146 1692 4724">
    <p class='ocr_par' dir='ltr' id='par_1_20' title="bbox 432 4146 1692 4580">
     <span class='ocr_line' id='line_1_43' title="bbox 439 4146 1692 4215; baseline 0.001 -17"><span class='ocrx_word' id='word_1_386' title='bbox 439 4152 600 4198; x_wconf 75' lang='lat' dir='ltr'><strong>tantiae</strong></span> <span class='ocrx_word' id='word_1_387' title='bbox 635 4146 666 4196; x_wconf 66' lang='lat' dir='ltr'><strong>i</strong></span> <span class='ocrx_word' id='word_1_388' title='bbox 707 4149 863 4198; x_wconf 79' lang='lat' dir='ltr'><strong>Lunae</strong></span> <span class='ocrx_word' id='word_1_389' title='bbox 899 4151 950 4198; x_wconf 89' lang='lat' dir='ltr'><strong>in</strong></span> <span class='ocrx_word' id='word_1_390' title='bbox 983 4149 1182 4213; x_wconf 63' lang='lat' dir='ltr'><strong>utraque</strong></span> <span class='ocrx_word' id='word_1_391' title='bbox 1217 4149 1501 4215; x_wconf 64' lang='lat' dir='ltr'><strong>quadratura</strong></span> <span class='ocrx_word' id='word_1_392' title='bbox 1530 4153 1692 4212; x_wconf 77' lang='lat' dir='ltr'><strong>positoe</strong></span> 
     </span>
     <span class='ocr_line' id='line_1_44' title="bbox 439 4213 1690 4278; baseline 0.002 -18"><span class='ocrx_word' id='word_1_393' title='bbox 439 4213 722 4262; x_wconf 86' lang='lat' dir='ltr'><strong>sunt-simul</strong></span> <span class='ocrx_word' id='word_1_394' title='bbox 747 4214 948 4278; x_wconf 62' lang='lat' dir='ltr'><strong>equales</strong></span> <span class='ocrx_word' id='word_1_395' title='bbox 966 4216 1097 4265; x_wconf 70' lang='lat' dir='ltr'><strong>lateri</strong></span> <span class='ocrx_word' id='word_1_396' title='bbox 1132 4225 1258 4264; x_wconf 81' lang='lat' dir='ltr'><strong>recto</strong></span> <span class='ocrx_word' id='word_1_397' title='bbox 1289 4216 1450 4262; x_wconf 80' lang='lat' dir='ltr'><strong>orbitae</strong></span> <span class='ocrx_word' id='word_1_398' title='bbox 1481 4215 1690 4273; x_wconf 80' lang='lat' dir='ltr'><strong>lunaris3</strong></span> 
     </span>
     <span class='ocr_line' id='line_1_45' title="bbox 437 4276 1692 4342; baseline 0 -16"><span class='ocrx_word' id='word_1_399' title='bbox 437 4277 550 4326; x_wconf 72' lang='lat' dir='ltr'><strong>cum</strong></span> <span class='ocrx_word' id='word_1_400' title='bbox 572 4277 680 4326; x_wconf 68' lang='lat' dir='ltr'><strong>verti</strong></span> <span class='ocrx_word' id='word_1_401' title='bbox 702 4276 848 4324; x_wconf 85' lang='lat' dir='ltr'><strong>Luna</strong></span> <span class='ocrx_word' id='word_1_402' title='bbox 867 4288 936 4327; x_wconf 88' lang='lat' dir='ltr'><strong>est</strong></span> <span class='ocrx_word' id='word_1_403' title='bbox 957 4279 1008 4326; x_wconf 88' lang='lat' dir='ltr'><strong>in</strong></span> <span class='ocrx_word' id='word_1_404' title='bbox 1027 4279 1228 4342; x_wconf 72' lang='lat' dir='ltr'><strong>syzygiis</strong></span> <span class='ocrx_word' id='word_1_405' title='bbox 1259 4279 1338 4325; x_wconf 89' lang='lat' dir='ltr'><strong>ubi</strong></span> <span class='ocrx_word' id='word_1_406' title='bbox 1361 4294 1444 4339; x_wconf 86' lang='lat' dir='ltr'><strong>per</strong></span> <span class='ocrx_word' id='word_1_407' title='bbox 1463 4278 1692 4326; x_wconf 84' lang='lat' dir='ltr'><strong>actionem</strong></span> 
     </span>
     <span class='ocr_line' id='line_1_46' title="bbox 432 4340 1691 4400; baseline 0 -12"><span class='ocrx_word' id='word_1_408' title='bbox 432 4341 564 4388; x_wconf 72' lang='lat' dir='ltr'><strong>⁴Solis</strong></span> <span class='ocrx_word' id='word_1_409' title='bbox 585 4358 614 4389; x_wconf 86' lang='lat' dir='ltr'><strong>a</strong></span> <span class='ocrx_word' id='word_1_410' title='bbox 637 4340 786 4389; x_wconf 70' lang='lat' dir='ltr'><strong>Ten-a</strong></span> <span class='ocrx_word' id='word_1_411' title='bbox 806 4342 1089 4400; x_wconf 82' lang='lat' dir='ltr'><strong>distrahitur,</strong></span> <span class='ocrx_word' id='word_1_412' title='bbox 1113 4345 1262 4392; x_wconf 73' lang='lat' dir='ltr'><strong>ambae</strong></span> <span class='ocrx_word' id='word_1_413' title='bbox 1283 4343 1513 4390; x_wconf 66' lang='lat' dir='ltr'><strong>distantiae</strong></span> <span class='ocrx_word' id='word_1_414' title='bbox 1535 4357 1564 4389; x_wconf 89' lang='lat' dir='ltr'>x</span> <span class='ocrx_word' id='word_1_415' title='bbox 1591 4343 1691 4390; x_wconf 89' lang='lat' dir='ltr'><strong>Lu-</strong></span> 
     </span>
     <span class='ocr_line' id='line_1_47' title="bbox 437 4404 1690 4467; baseline 0.004 -17"><span class='ocrx_word' id='word_1_416' title='bbox 437 4420 514 4452; x_wconf 74' lang='lat' dir='ltr'><strong>nae</strong></span> <span class='ocrx_word' id='word_1_417' title='bbox 548 4404 600 4451; x_wconf 83' lang='lat' dir='ltr'><strong>in</strong></span> <span class='ocrx_word' id='word_1_418' title='bbox 631 4405 958 4467; x_wconf 76' lang='lat' dir='ltr'><strong>conjunctIone</strong></span> <span class='ocrx_word' id='word_1_419' title='bbox 987 4415 1036 4454; x_wconf 89' lang='lat' dir='ltr'><strong>et</strong></span> <span class='ocrx_word' id='word_1_420' title='bbox 1062 4406 1352 4467; x_wconf 85' lang='lat' dir='ltr'><strong>oppositione</strong></span> <span class='ocrx_word' id='word_1_421' title='bbox 1383 4406 1544 4466; x_wconf 80' lang='lat' dir='ltr'><strong>positae</strong></span> <span class='ocrx_word' id='word_1_422' title='bbox 1579 4416 1690 4455; x_wconf 88' lang='lat' dir='ltr'><strong>sunt</strong></span> 
     </span>
     <span class='ocr_line' id='line_1_48' title="bbox 437 4468 1690 4534; baseline 0.003 -20"><span class='ocrx_word' id='word_1_423' title='bbox 437 4468 579 4516; x_wconf 85' lang='lat' dir='ltr'><strong>simul</strong></span> <span class='ocrx_word' id='word_1_424' title='bbox 619 4469 820 4531; x_wconf 72' lang='lat' dir='ltr'><strong>aequales</strong></span> <span class='ocrx_word' id='word_1_425' title='bbox 855 4470 932 4517; x_wconf 83' lang='lat' dir='ltr'><strong>axi</strong></span> <span class='ocrx_word' id='word_1_426' title='bbox 965 4471 1145 4534; x_wconf 50' lang='lat' dir='ltr'><strong>rna-ieri,</strong></span> <span class='ocrx_word' id='word_1_427' title='bbox 1182 4471 1266 4534; x_wconf 89' lang='lat' dir='ltr'><strong>qui</strong></span> <span class='ocrx_word' id='word_1_428' title='bbox 1293 4485 1473 4532; x_wconf 82' lang='lat' dir='ltr'><strong>semper</strong></span> <span class='ocrx_word' id='word_1_429' title='bbox 1505 4479 1690 4530; x_wconf 87' lang='lat' dir='ltr'><strong>superat</strong></span> 
     </span>
     <span class='ocr_line' id='line_1_49' title="bbox 437 4531 774 4580; baseline 0.006 -2"><span class='ocrx_word' id='word_1_430' title='bbox 437 4531 562 4578; x_wconf 85' lang='lat' dir='ltr'><strong>latus</strong></span> <span class='ocrx_word' id='word_1_431' title='bbox 583 4543 774 4580; x_wconf 86' lang='lat' dir='ltr'><strong>rectum.</strong></span> 
     </span>
    </p>

    <p class='ocr_par' dir='ltr' id='par_1_21' title="bbox 435 4595 1690 4724">
     <span class='ocr_line' id='line_1_50' title="bbox 505 4595 1690 4660; baseline 0.003 -17"><span class='ocrx_word' id='word_1_432' title='bbox 505 4595 556 4643; x_wconf 86' lang='lat' dir='ltr'><strong>Si</strong></span> <span class='ocrx_word' id='word_1_433' title='bbox 577 4595 686 4643; x_wconf 67' lang='lat' dir='ltr'><strong>verti</strong></span> <span class='ocrx_word' id='word_1_434' title='bbox 705 4597 886 4656; x_wconf 79' lang='lat' dir='ltr'><strong>apsides</strong></span> <span class='ocrx_word' id='word_1_435' title='bbox 905 4608 1016 4647; x_wconf 84' lang='lat' dir='ltr'><strong>sunt</strong></span> <span class='ocrx_word' id='word_1_436' title='bbox 1045 4597 1097 4644; x_wconf 88' lang='lat' dir='ltr'><strong>in</strong></span> <span class='ocrx_word' id='word_1_437' title='bbox 1125 4597 1430 4660; x_wconf 83' lang='lat' dir='ltr'><strong>quadraturis,</strong></span> <span class='ocrx_word' id='word_1_438' title='bbox 1467 4607 1516 4646; x_wconf 87' lang='lat' dir='ltr'><strong>et</strong></span> <span class='ocrx_word' id='word_1_439' title='bbox 1548 4598 1690 4646; x_wconf 84' lang='lat' dir='ltr'><strong>Luna</strong></span> 
     </span>
     <span class='ocr_line' id='line_1_51' title="bbox 435 4657 1688 4724; baseline 0.002 -18"><span class='ocrx_word' id='word_1_440' title='bbox 435 4657 650 4724; x_wconf 34' lang='lat' dir='ltr'><strong>etiam-in</strong></span> <span class='ocrx_word' id='word_1_441' title='bbox 669 4660 978 4722; x_wconf 75' lang='lat' dir='ltr'><strong>quadraturis,</strong></span> <span class='ocrx_word' id='word_1_442' title='bbox 1001 4664 1152 4710; x_wconf 77' lang='lat' dir='ltr'><strong>ambae</strong></span> <span class='ocrx_word' id='word_1_443' title='bbox 1173 4661 1403 4712; x_wconf 68' lang='lat' dir='ltr'><strong>distantiae</strong></span> <span class='ocrx_word' id='word_1_444' title='bbox 1415 4677 1446 4709; x_wconf 87' lang='lat' dir='ltr'>x</span> <span class='ocrx_word' id='word_1_445' title='bbox 1463 4662 1617 4710; x_wconf 76' lang='lat' dir='ltr'><strong>Lunae</strong></span> <span class='ocrx_word' id='word_1_446' title='bbox 1637 4663 1688 4709; x_wconf 90' lang='lat' dir='ltr'><strong>in</strong></span> 
     </span>
    </p>
   </div>
   <div class='ocr_carea' id='block_1_18' title="bbox 1765 2244 3021 2500">
    <p class='ocr_par' dir='ltr' id='par_1_22' title="bbox 1765 2244 3021 2433">
     <span class='ocr_line' id='line_1_52' title="bbox 1765 2244 3021 2306; baseline -0.005 -10"><span class='ocrx_word' id='word_1_447' title='bbox 1765 2250 1917 2296; x_wconf 80' lang='lat' dir='ltr'><strong>ambae</strong></span> <span class='ocrx_word' id='word_1_448' title='bbox 1946 2246 2177 2294; x_wconf 70' lang='lat' dir='ltr'><strong>distantias</strong></span> <span class='ocrx_word' id='word_1_449' title='bbox 2207 2261 2238 2293; x_wconf 87' lang='lat' dir='ltr'>x</span> <span class='ocrx_word' id='word_1_450' title='bbox 2272 2246 2427 2292; x_wconf 76' lang='lat' dir='ltr'><strong>Lunae</strong></span> <span class='ocrx_word' id='word_1_451' title='bbox 2446 2245 2498 2292; x_wconf 88' lang='lat' dir='ltr'><strong>in</strong></span> <span class='ocrx_word' id='word_1_452' title='bbox 2518 2244 2846 2306; x_wconf 80' lang='lat' dir='ltr'><strong>conjunctione</strong></span> <span class='ocrx_word' id='word_1_453' title='bbox 2866 2252 2915 2289; x_wconf 90' lang='lat' dir='ltr'><strong>et</strong></span> <span class='ocrx_word' id='word_1_454' title='bbox 2932 2259 3021 2304; x_wconf 86' lang='lat' dir='ltr'><strong>op·</strong></span> 
     </span>
     <span class='ocr_line' id='line_1_53' title="bbox 1768 2307 3021 2372; baseline -0.004 -13"><span class='ocrx_word' id='word_1_455' title='bbox 1768 2312 1993 2372; x_wconf 85' lang='lat' dir='ltr'><strong>positione</strong></span> <span class='ocrx_word' id='word_1_456' title='bbox 2017 2311 2193 2372; x_wconf 64' lang='lat' dir='ltr'><strong>posite,</strong></span> <span class='ocrx_word' id='word_1_457' title='bbox 2218 2319 2328 2356; x_wconf 87' lang='lat' dir='ltr'><strong>sunt</strong></span> <span class='ocrx_word' id='word_1_458' title='bbox 2348 2308 2490 2356; x_wconf 87' lang='lat' dir='ltr'><strong>simul</strong></span> <span class='ocrx_word' id='word_1_459' title='bbox 2512 2309 2710 2370; x_wconf 77' lang='lat' dir='ltr'><strong>aequales</strong></span> <span class='ocrx_word' id='word_1_460' title='bbox 2731 2307 2862 2359; x_wconf 85' lang='lat' dir='ltr'><strong>lateri</strong></span> <span class='ocrx_word' id='word_1_461' title='bbox 2894 2317 3021 2354; x_wconf 80' lang='lat' dir='ltr'><strong>recto</strong></span> 
     </span>
     <span class='ocr_line' id='line_1_54' title="bbox 1768 2375 2261 2433; baseline -0.004 -10"><span class='ocrx_word' id='word_1_462' title='bbox 1768 2377 1930 2423; x_wconf 81' lang='lat' dir='ltr'><strong>orbitte</strong></span> <span class='ocrx_word' id='word_1_463' title='bbox 1952 2375 2141 2422; x_wconf 85' lang='lat' dir='ltr'><strong>lunaris.</strong></span> <span class='ocrx_word' id='word_1_464' title='bbox 2246 2413 2261 2433; x_wconf 32' lang='grc' dir='ltr'><strong>χ</strong></span> 
     </span>
    </p>

    <p class='ocr_par' dir='ltr' id='par_1_23' title="bbox 1835 2433 3021 2500">
     <span class='ocr_line' id='line_1_55' title="bbox 1835 2433 3021 2500; baseline -0.006 -13"><span class='ocrx_word' id='word_1_465' title='bbox 1835 2441 1967 2500; x_wconf 76' lang='lat' dir='ltr'><strong>Ergo</strong></span> <span class='ocrx_word' id='word_1_466' title='bbox 1988 2438 2101 2486; x_wconf 71' lang='lat' dir='ltr'><strong>cum</strong></span> <span class='ocrx_word' id='word_1_467' title='bbox 2123 2436 2301 2498; x_wconf 85' lang='lat' dir='ltr'><strong>apsides</strong></span> <span class='ocrx_word' id='word_1_468' title='bbox 2317 2446 2427 2484; x_wconf 86' lang='lat' dir='ltr'><strong>sunt</strong></span> <span class='ocrx_word' id='word_1_469' title='bbox 2446 2436 2497 2482; x_wconf 90' lang='lat' dir='ltr'><strong>in</strong></span> <span class='ocrx_word' id='word_1_470' title='bbox 2519 2435 2728 2498; x_wconf 66' lang='lat' dir='ltr'><strong>syzygiis,</strong></span> <span class='ocrx_word' id='word_1_471' title='bbox 2754 2434 2875 2481; x_wconf 87' lang='lat' dir='ltr'><strong>actio</strong></span> <span class='ocrx_word' id='word_1_472' title='bbox 2900 2433 3021 2481; x_wconf 85' lang='lat' dir='ltr'><strong>Solis</strong></span> 
     </span>
    </p>
   </div>
   <div class='ocr_carea' id='block_1_19' title="bbox 1768 2499 3107 2568">
    <p class='ocr_par' dir='ltr' id='par_1_24' title="bbox 1768 2499 3107 2568">
     <span class='ocr_line' id='line_1_56' title="bbox 1768 2499 3107 2568; baseline -0.005 -17"><span class='ocrx_word' id='word_1_473' title='bbox 1768 2519 1875 2567; x_wconf 81' lang='lat' dir='ltr'><strong>quae</strong></span> <span class='ocrx_word' id='word_1_474' title='bbox 1898 2503 2089 2568; x_wconf 69' lang='lat' dir='ltr'><strong>Lunam</strong></span> <span class='ocrx_word' id='word_1_475' title='bbox 2110 2503 2171 2548; x_wconf 87' lang='lat' dir='ltr'><strong>ad</strong></span> <span class='ocrx_word' id='word_1_476' title='bbox 2195 2503 2385 2549; x_wconf 86' lang='lat' dir='ltr'><strong>Terram</strong></span> <span class='ocrx_word' id='word_1_477' title='bbox 2408 2501 2607 2556; x_wconf 85' lang='lat' dir='ltr'><strong>attrahit,</strong></span> <span class='ocrx_word' id='word_1_478' title='bbox 2642 2508 2711 2546; x_wconf 70' lang='lat' dir='ltr'><strong>est</strong></span> <span class='ocrx_word' id='word_1_479' title='bbox 2730 2499 2900 2556; x_wconf 85' lang='lat' dir='ltr'><strong>minor,</strong></span> <span class='ocrx_word' id='word_1_480' title='bbox 2924 2507 2971 2544; x_wconf 89' lang='lat' dir='ltr'><strong>et</strong></span> <span class='ocrx_word' id='word_1_481' title='bbox 2990 2514 3021 2545; x_wconf 88' lang='lat' dir='ltr'><strong>e</strong></span> <span class='ocrx_word' id='word_1_482' title='bbox 3102 2533 3107 2535; x_wconf 83' lang='lat'>-</span> 
     </span>
    </p>
   </div>
   <div class='ocr_carea' id='block_1_20' title="bbox 1762 2561 3021 3091">
    <p class='ocr_par' dir='ltr' id='par_1_25' title="bbox 1762 2561 3021 2820">
     <span class='ocr_line' id='line_1_57' title="bbox 1768 2561 3021 2628; baseline -0.006 -13"><span class='ocrx_word' id='word_1_483' title='bbox 1768 2577 1929 2616; x_wconf 87' lang='lat' dir='ltr'><strong>contra</strong></span> <span class='ocrx_word' id='word_1_484' title='bbox 1966 2567 2085 2614; x_wconf 89' lang='lat' dir='ltr'><strong>actio</strong></span> <span class='ocrx_word' id='word_1_485' title='bbox 2117 2581 2225 2628; x_wconf 76' lang='lat' dir='ltr'><strong>quae</strong></span> <span class='ocrx_word' id='word_1_486' title='bbox 2249 2566 2439 2612; x_wconf 88' lang='lat' dir='ltr'><strong>Lunam</strong></span> <span class='ocrx_word' id='word_1_487' title='bbox 2477 2580 2506 2611; x_wconf 87' lang='lat' dir='ltr'><strong>a</strong></span> <span class='ocrx_word' id='word_1_488' title='bbox 2539 2561 2687 2611; x_wconf 68' lang='lat' dir='ltr'><strong>Terra</strong></span> <span class='ocrx_word' id='word_1_489' title='bbox 2706 2562 2919 2609; x_wconf 84' lang='lat' dir='ltr'><strong>distrahit</strong></span> <span class='ocrx_word' id='word_1_490' title='bbox 2948 2572 3021 2608; x_wconf 77' lang='lat' dir='ltr'><strong>est</strong></span> 
     </span>
     <span class='ocr_line' id='line_1_58' title="bbox 1768 2625 3019 2693; baseline -0.006 -15"><span class='ocrx_word' id='word_1_491' title='bbox 1768 2632 1917 2692; x_wconf 86' lang='lat' dir='ltr'><strong>major</strong></span> <span class='ocrx_word' id='word_1_492' title='bbox 1948 2629 2089 2693; x_wconf 73' lang='lat' dir='ltr'><strong>quam</strong></span> <span class='ocrx_word' id='word_1_493' title='bbox 2122 2628 2235 2676; x_wconf 74' lang='lat' dir='ltr'><strong>cum</strong></span> <span class='ocrx_word' id='word_1_494' title='bbox 2266 2629 2445 2688; x_wconf 86' lang='lat' dir='ltr'><strong>apsides</strong></span> <span class='ocrx_word' id='word_1_495' title='bbox 2482 2637 2593 2674; x_wconf 88' lang='lat' dir='ltr'><strong>sunt</strong></span> <span class='ocrx_word' id='word_1_496' title='bbox 2624 2627 2674 2672; x_wconf 91' lang='lat' dir='ltr'><strong>in</strong></span> <span class='ocrx_word' id='word_1_497' title='bbox 2709 2625 3019 2688; x_wconf 83' lang='lat' dir='ltr'><strong>quadraturis,</strong></span> 
     </span>
     <span class='ocr_line' id='line_1_59' title="bbox 1762 2688 3018 2757; baseline -0.003 -17"><span class='ocrx_word' id='word_1_498' title='bbox 1762 2692 1963 2757; x_wconf 70' lang='lat' dir='ltr'><strong>idedque</strong></span> <span class='ocrx_word' id='word_1_499' title='bbox 1984 2693 2110 2741; x_wconf 87' lang='lat' dir='ltr'><strong>orbis</strong></span> <span class='ocrx_word' id='word_1_500' title='bbox 2130 2693 2308 2740; x_wconf 85' lang='lat' dir='ltr'><strong>lunaris</strong></span> <span class='ocrx_word' id='word_1_501' title='bbox 2339 2692 2479 2752; x_wconf 86' lang='lat' dir='ltr'><strong>paulo</strong></span> <span class='ocrx_word' id='word_1_502' title='bbox 2510 2691 2657 2754; x_wconf 84' lang='lat' dir='ltr'><strong>major</strong></span> <span class='ocrx_word' id='word_1_503' title='bbox 2677 2690 2779 2736; x_wconf 81' lang='lat' dir='ltr'><strong>fieri</strong></span> <span class='ocrx_word' id='word_1_504' title='bbox 2798 2688 2945 2736; x_wconf 86' lang='lat' dir='ltr'><strong>debet</strong></span> <span class='ocrx_word' id='word_1_505' title='bbox 2962 2690 3018 2736; x_wconf 87' lang='lat' dir='ltr'><strong>in</strong></span> 
     </span>
     <span class='ocr_line' id='line_1_60' title="bbox 1763 2755 2567 2820; baseline -0.004 -16"><span class='ocrx_word' id='word_1_506' title='bbox 1763 2759 1916 2818; x_wconf 87' lang='lat' dir='ltr'><strong>priore</strong></span> <span class='ocrx_word' id='word_1_507' title='bbox 1936 2773 2049 2806; x_wconf 87' lang='lat' dir='ltr'><strong>casu</strong></span> <span class='ocrx_word' id='word_1_508' title='bbox 2068 2755 2212 2820; x_wconf 66' lang='lat' dir='ltr'><strong>quam</strong></span> <span class='ocrx_word' id='word_1_509' title='bbox 2232 2757 2283 2802; x_wconf 89' lang='lat' dir='ltr'><strong>in</strong></span> <span class='ocrx_word' id='word_1_510' title='bbox 2304 2755 2567 2816; x_wconf 88' lang='lat' dir='ltr'><strong>posteriore.</strong></span> 
     </span>
    </p>

    <p class='ocr_par' dir='ltr' id='par_1_26' title="bbox 1762 2832 3018 3091">
     <span class='ocr_line' id='line_1_61' title="bbox 1830 2832 3018 2897; baseline -0.005 -13"><span class='ocrx_word' id='word_1_511' title='bbox 1830 2837 1909 2884; x_wconf 90' lang='lat' dir='ltr'><strong>De</strong></span> <span class='ocrx_word' id='word_1_512' title='bbox 1924 2837 2111 2897; x_wconf 87' lang='lat' dir='ltr'><strong>punctis</strong></span> <span class='ocrx_word' id='word_1_513' title='bbox 2126 2844 2283 2882; x_wconf 82' lang='lat' dir='ltr'><strong>autem</strong></span> <span class='ocrx_word' id='word_1_514' title='bbox 2299 2835 2421 2882; x_wconf 85' lang='lat' dir='ltr'><strong>inter</strong></span> <span class='ocrx_word' id='word_1_515' title='bbox 2432 2834 2735 2897; x_wconf 83' lang='lat' dir='ltr'><strong>quadraturas</strong></span> <span class='ocrx_word' id='word_1_516' title='bbox 2744 2841 2793 2878; x_wconf 89' lang='lat' dir='ltr'><strong>et</strong></span> <span class='ocrx_word' id='word_1_517' title='bbox 2810 2832 3018 2894; x_wconf 79' lang='lat' dir='ltr'><strong>syzygias</strong></span> 
     </span>
     <span class='ocr_line' id='line_1_62' title="bbox 1762 2895 3018 2962; baseline -0.004 -15"><span class='ocrx_word' id='word_1_518' title='bbox 1762 2899 2049 2948; x_wconf 87' lang='lat' dir='ltr'><strong>intermediis</strong></span> <span class='ocrx_word' id='word_1_519' title='bbox 2080 2901 2139 2947; x_wconf 88' lang='lat' dir='ltr'><strong>ab</strong></span> <span class='ocrx_word' id='word_1_520' title='bbox 2171 2913 2229 2946; x_wconf 87' lang='lat' dir='ltr'><strong>eo</strong></span> <span class='ocrx_word' id='word_1_521' title='bbox 2258 2899 2383 2962; x_wconf 89' lang='lat' dir='ltr'><strong>quod</strong></span> <span class='ocrx_word' id='word_1_522' title='bbox 2416 2899 2465 2944; x_wconf 91' lang='lat' dir='ltr'><strong>in</strong></span> <span class='ocrx_word' id='word_1_523' title='bbox 2498 2897 2571 2944; x_wconf 90' lang='lat' dir='ltr'><strong>his</strong></span> <span class='ocrx_word' id='word_1_524' title='bbox 2592 2895 2779 2956; x_wconf 76' lang='lat' dir='ltr'><strong>punctis</strong></span> <span class='ocrx_word' id='word_1_525' title='bbox 2801 2897 3018 2944; x_wconf 82' lang='lat' dir='ltr'><strong>extremis</strong></span> 
     </span>
     <span class='ocr_line' id='line_1_63' title="bbox 1763 2958 3015 3026; baseline -0.005 -15"><span class='ocrx_word' id='word_1_526' title='bbox 1763 2964 1930 3021; x_wconf 80' lang='lat' dir='ltr'><strong>evenit,</strong></span> <span class='ocrx_word' id='word_1_527' title='bbox 1944 2964 2147 3026; x_wconf 86' lang='lat' dir='ltr'><strong>judicari</strong></span> <span class='ocrx_word' id='word_1_528' title='bbox 2158 2972 2325 3025; x_wconf 87' lang='lat' dir='ltr'><strong>potest,</strong></span> <span class='ocrx_word' id='word_1_529' title='bbox 2350 2961 2431 3010; x_wconf 88' lang='lat' dir='ltr'><strong>sed</strong></span> <span class='ocrx_word' id='word_1_530' title='bbox 2447 2960 2737 3022; x_wconf 87' lang='lat' dir='ltr'><strong>potissimum</strong></span> <span class='ocrx_word' id='word_1_531' title='bbox 2754 2974 2813 3006; x_wconf 86' lang='lat' dir='ltr'><strong>ex</strong></span> <span class='ocrx_word' id='word_1_532' title='bbox 2834 2958 3015 3006; x_wconf 87' lang='lat' dir='ltr'><strong>calculo</strong></span> 
     </span>
     <span class='ocr_line' id='line_1_64' title="bbox 1762 3024 2925 3091; baseline -0.003 -17"><span class='ocrx_word' id='word_1_533' title='bbox 1762 3043 1857 3090; x_wconf 87' lang='lat' dir='ltr'><strong>quo</strong></span> <span class='ocrx_word' id='word_1_534' title='bbox 1878 3028 2079 3091; x_wconf 84' lang='lat' dir='ltr'><strong>aequatio</strong></span> <span class='ocrx_word' id='word_1_535' title='bbox 2100 3042 2158 3074; x_wconf 87' lang='lat' dir='ltr'><strong>ex</strong></span> <span class='ocrx_word' id='word_1_536' title='bbox 2178 3024 2268 3076; x_wconf 53' lang='lat' dir='ltr'><strong>hic</strong></span> <span class='ocrx_word' id='word_1_537' title='bbox 2288 3025 2430 3074; x_wconf 70' lang='lat' dir='ltr'><strong>causti</strong></span> <span class='ocrx_word' id='word_1_538' title='bbox 2450 3035 2560 3072; x_wconf 83' lang='lat' dir='ltr'><strong>nata</strong></span> <span class='ocrx_word' id='word_1_539' title='bbox 2578 3024 2925 3072; x_wconf 82' lang='lat' dir='ltr'><strong>determinatur.</strong></span> 
     </span>
    </p>
   </div>
   <div class='ocr_carea' id='block_1_21' title="bbox 1761 3111 3017 3368">
    <p class='ocr_par' dir='ltr' id='par_1_27' title="bbox 1761 3111 3017 3368">
     <span class='ocr_line' id='line_1_65' title="bbox 1828 3111 3017 3178; baseline -0.006 -14"><span class='ocrx_word' id='word_1_540' title='bbox 1828 3114 1896 3178; x_wconf 85' lang='lat'>(¹¹)</span> <span class='ocrx_word' id='word_1_541' title='bbox 1933 3118 1959 3144; x_wconf 67' lang='lat'>⁸</span> <span class='ocrx_word' id='word_1_542' title='bbox 1986 3117 2054 3162; x_wconf 79' lang='lat' dir='ltr'><strong>Et</strong></span> <span class='ocrx_word' id='word_1_543' title='bbox 2074 3116 2181 3162; x_wconf 72' lang='lat' dir='ltr'><strong>hinc</strong></span> <span class='ocrx_word' id='word_1_544' title='bbox 2202 3115 2350 3161; x_wconf 78' lang='lat' dir='ltr'><strong>oritur</strong></span> <span class='ocrx_word' id='word_1_545' title='bbox 2380 3115 2471 3160; x_wconf 79' lang='lat' dir='ltr'><strong>alia</strong></span> <span class='ocrx_word' id='word_1_546' title='bbox 2494 3113 2685 3174; x_wconf 76' lang='lat' dir='ltr'><strong>oequatio</strong></span> <span class='ocrx_word' id='word_1_547' title='bbox 2706 3119 2860 3157; x_wconf 74' lang='lat' dir='ltr'><strong>motus</strong></span> <span class='ocrx_word' id='word_1_548' title='bbox 2880 3111 3017 3157; x_wconf 75' lang='lat' dir='ltr'><strong>medii</strong></span> 
     </span>
     <span class='ocr_line' id='line_1_66' title="bbox 1761 3172 3015 3238; baseline -0.005 -12"><span class='ocrx_word' id='word_1_549' title='bbox 1761 3179 1955 3233; x_wconf 74' lang='lat' dir='ltr'><strong>lunaris,</strong></span> <span class='ocrx_word' id='word_1_550' title='bbox 1970 3177 2055 3223; x_wconf 61' lang='lat' dir='ltr'><strong>&amp;a</strong></span> <span class='ocrx_word' id='word_1_551' title='bbox 2109 3177 2275 3238; x_wconf 87' lang='lat' dir='ltr'><strong>Hujus</strong></span> <span class='ocrx_word' id='word_1_552' title='bbox 2289 3175 2560 3236; x_wconf 66' lang='lat' dir='ltr'><strong>aquationis</strong></span> <span class='ocrx_word' id='word_1_553' title='bbox 2575 3172 3015 3234; x_wconf 61' lang='lat' dir='ltr'><strong>calculumeejusque</strong></span> 
     </span>
     <span class='ocr_line' id='line_1_67' title="bbox 1762 3235 3013 3304; baseline -0.004 -17"><span class='ocrx_word' id='word_1_554' title='bbox 1762 3241 1889 3304; x_wconf 81' lang='lat' dir='ltr'><strong>leges</strong></span> <span class='ocrx_word' id='word_1_555' title='bbox 1910 3241 2159 3300; x_wconf 81' lang='lat' dir='ltr'><strong>explicatas</strong></span> <span class='ocrx_word' id='word_1_556' title='bbox 2174 3242 2315 3286; x_wconf 83' lang='lat' dir='ltr'><strong>habes</strong></span> <span class='ocrx_word' id='word_1_557' title='bbox 2341 3237 2498 3286; x_wconf 82' lang='lat' dir='ltr'><strong>Probi.</strong></span> <span class='ocrx_word' id='word_1_558' title='bbox 2524 3237 2617 3285; x_wconf 90' lang='lat' dir='ltr'><strong>VI.</strong></span> <span class='ocrx_word' id='word_1_559' title='bbox 2637 3237 2803 3284; x_wconf 84' lang='lat' dir='ltr'><strong>calculi</strong></span> <span class='ocrx_word' id='word_1_560' title='bbox 2820 3235 3013 3284; x_wconf 88' lang='lat' dir='ltr'><strong>secundi</strong></span> 
     </span>
     <span class='ocr_line' id='line_1_68' title="bbox 1763 3301 2625 3368; baseline -0.006 -16"><span class='ocrx_word' id='word_1_561' title='bbox 1763 3307 1894 3368; x_wconf 84' lang='lat' dir='ltr'><strong>(pag.</strong></span> <span class='ocrx_word' id='word_1_562' title='bbox 1923 3303 2029 3365; x_wconf 80' lang='lat'><strong>82.)</strong></span> <span class='ocrx_word' id='word_1_563' title='bbox 2053 3305 2244 3367; x_wconf 87' lang='lat' dir='ltr'><strong>ejusque</strong></span> <span class='ocrx_word' id='word_1_564' title='bbox 2270 3301 2547 3351; x_wconf 86' lang='lat' dir='ltr'><strong>Corollariis.</strong></span> <span class='ocrx_word' id='word_1_565' title='bbox 2622 3305 2625 3308; x_wconf 80' lang='grc'><strong>“</strong></span> 
     </span>
    </p>
   </div>
   <div class='ocr_carea' id='block_1_22' title="bbox 1755 3387 3011 4206">
    <p class='ocr_par' dir='ltr' id='par_1_28' title="bbox 1755 3387 3011 4206">
     <span class='ocr_line' id='line_1_69' title="bbox 1826 3387 3011 3451; baseline -0.003 -14"><span class='ocrx_word' id='word_1_566' title='bbox 1826 3387 1900 3451; x_wconf 74' lang='lat'><strong>(⁸)</strong></span> <span class='ocrx_word' id='word_1_567' title='bbox 1936 3392 1963 3420; x_wconf 70' lang='lat'><strong>¹*</strong></span> <span class='ocrx_word' id='word_1_568' title='bbox 1994 3387 2229 3442; x_wconf 58' lang='lat' dir='ltr'><strong>Quantam</strong></span> <span class='ocrx_word' id='word_1_569' title='bbox 2252 3405 2306 3436; x_wconf 77' lang='lat' dir='ltr'><strong>ea·</strong></span> <span class='ocrx_word' id='word_1_570' title='bbox 2318 3390 2631 3450; x_wconf 60' lang='lat' dir='ltr'><strong>phaenomena</strong></span> <span class='ocrx_word' id='word_1_571' title='bbox 2651 3389 2853 3448; x_wconf 76' lang='lat' dir='ltr'><strong>colligere</strong></span> <span class='ocrx_word' id='word_1_572' title='bbox 2868 3389 3011 3448; x_wconf 73' lang='lat' dir='ltr'><strong>potui,</strong></span> 
     </span>
     <span class='ocr_line' id='line_1_70' title="bbox 1761 3449 3007 3512; baseline -0.004 -12"><span class='ocrx_word' id='word_1_573' title='bbox 1761 3453 1845 3500; x_wconf 77' lang='grc' dir='ltr'><strong><em>διο.</em></strong></span> <span class='ocrx_word' id='word_1_574' title='bbox 1940 3453 2016 3499; x_wconf 86' lang='lat' dir='ltr'><strong>Ex</strong></span> <span class='ocrx_word' id='word_1_575' title='bbox 2062 3453 2233 3499; x_wconf 88' lang='lat' dir='ltr'><strong>Coroll.</strong></span> <span class='ocrx_word' id='word_1_576' title='bbox 2278 3456 2323 3500; x_wconf 87' lang='lat'><strong>5.</strong></span> <span class='ocrx_word' id='word_1_577' title='bbox 2373 3449 2529 3498; x_wconf 79' lang='lat' dir='ltr'><strong>Probl.</strong></span> <span class='ocrx_word' id='word_1_578' title='bbox 2582 3451 2674 3499; x_wconf 88' lang='lat' dir='ltr'><strong>VI.</strong></span> <span class='ocrx_word' id='word_1_579' title='bbox 2750 3465 2857 3512; x_wconf 82' lang='lat' dir='ltr'><strong>pag.</strong></span> <span class='ocrx_word' id='word_1_580' title='bbox 2906 3449 3007 3509; x_wconf 81' lang='lat'><strong>83.)</strong></span> 
     </span>
     <span class='ocr_line' id='line_1_71' title="bbox 1762 3514 3010 3578; baseline -0.003 -15"><span class='ocrx_word' id='word_1_581' title='bbox 1762 3514 1961 3578; x_wconf 80' lang='lat' dir='ltr'><strong>aequatio</strong></span> <span class='ocrx_word' id='word_1_582' title='bbox 1981 3516 2081 3563; x_wconf 77' lang='lat' dir='ltr'><strong>haec</strong></span> <span class='ocrx_word' id='word_1_583' title='bbox 2105 3516 2161 3563; x_wconf 80' lang='lat'><strong>3¹.</strong></span> <span class='ocrx_word' id='word_1_584' title='bbox 2185 3515 2285 3564; x_wconf 89' lang='grc'><strong><em>56”.</em></strong></span> <span class='ocrx_word' id='word_1_585' title='bbox 2315 3525 2383 3562; x_wconf 84' lang='lat' dir='ltr'><strong>est</strong></span> <span class='ocrx_word' id='word_1_586' title='bbox 2404 3525 2595 3574; x_wconf 85' lang='lat' dir='ltr'><strong>reperta,</strong></span> <span class='ocrx_word' id='word_1_587' title='bbox 2619 3529 2682 3575; x_wconf 91' lang='lat' dir='ltr'><strong>qu</strong></span> <span class='ocrx_word' id='word_1_588' title='bbox 2757 3529 2832 3559; x_wconf 88' lang='lat' dir='ltr'><strong>am</strong></span> <span class='ocrx_word' id='word_1_589' title='bbox 2854 3523 3010 3560; x_wconf 89' lang='lat' dir='ltr'><strong>autem</strong></span> 
     </span>
     <span class='ocr_line' id='line_1_72' title="bbox 1761 3575 3010 3641; baseline -0.003 -14"><span class='ocrx_word' id='word_1_590' title='bbox 1761 3595 1912 3628; x_wconf 79' lang='lat' dir='ltr'><strong>eausae</strong></span> <span class='ocrx_word' id='word_1_591' title='bbox 1934 3585 2045 3626; x_wconf 87' lang='lat' dir='ltr'><strong>sunt</strong></span> <span class='ocrx_word' id='word_1_592' title='bbox 2065 3595 2149 3626; x_wconf 87' lang='lat' dir='ltr'><strong>cur</strong></span> <span class='ocrx_word' id='word_1_593' title='bbox 2164 3579 2264 3626; x_wconf 82' lang='lat' dir='ltr'><strong>haec</strong></span> <span class='ocrx_word' id='word_1_594' title='bbox 2280 3579 2512 3641; x_wconf 81' lang='lat' dir='ltr'><strong>quantitas</strong></span> <span class='ocrx_word' id='word_1_595' title='bbox 2527 3592 2611 3638; x_wconf 88' lang='lat' dir='ltr'><strong>pro</strong></span> <span class='ocrx_word' id='word_1_596' title='bbox 2632 3575 2740 3624; x_wconf 58' lang='lat' dir='ltr'><strong>vera</strong></span> <span class='ocrx_word' id='word_1_597' title='bbox 2754 3577 3010 3637; x_wconf 86' lang='lat' dir='ltr'><strong>quantitate</strong></span> 
     </span>
     <span class='ocr_line' id='line_1_73' title="bbox 1761 3641 3009 3705; baseline -0.002 -15"><span class='ocrx_word' id='word_1_598' title='bbox 1761 3643 1966 3690; x_wconf 88' lang='lat' dir='ltr'><strong>adhiberi</strong></span> <span class='ocrx_word' id='word_1_599' title='bbox 1989 3653 2201 3705; x_wconf 83' lang='lat' dir='ltr'><strong>nequeat,</strong></span> <span class='ocrx_word' id='word_1_600' title='bbox 2226 3645 2306 3690; x_wconf 84' lang='lat' dir='ltr'><strong>sed</strong></span> <span class='ocrx_word' id='word_1_601' title='bbox 2323 3644 2423 3689; x_wconf 79' lang='lat' dir='ltr'><strong>haec</strong></span> <span class='ocrx_word' id='word_1_602' title='bbox 2446 3641 2645 3704; x_wconf 80' lang='lat' dir='ltr'><strong>aequatio</strong></span> <span class='ocrx_word' id='word_1_603' title='bbox 2665 3656 2721 3688; x_wconf 85' lang='lat' dir='ltr'><strong>ex</strong></span> <span class='ocrx_word' id='word_1_604' title='bbox 2742 3642 3009 3700; x_wconf 63' lang='lat' dir='ltr'><strong>phaenome-</strong></span> 
     </span>
     <span class='ocr_line' id='line_1_74' title="bbox 1761 3704 3009 3768; baseline -0.002 -15"><span class='ocrx_word' id='word_1_605' title='bbox 1761 3707 1835 3753; x_wconf 87' lang='lat' dir='ltr'><strong>nis</strong></span> <span class='ocrx_word' id='word_1_606' title='bbox 1855 3707 1915 3754; x_wconf 88' lang='lat' dir='ltr'><strong>sit</strong></span> <span class='ocrx_word' id='word_1_607' title='bbox 1934 3707 2227 3768; x_wconf 80' lang='lat' dir='ltr'><strong>colligenda3</strong></span> <span class='ocrx_word' id='word_1_608' title='bbox 2252 3704 2417 3767; x_wconf 71' lang='lat' dir='ltr'><strong>primd,</strong></span> <span class='ocrx_word' id='word_1_609' title='bbox 2436 3706 2669 3767; x_wconf 86' lang='lat' dir='ltr'><strong>quantitas</strong></span> <span class='ocrx_word' id='word_1_610' title='bbox 2690 3705 2717 3751; x_wconf 84' lang='lat' dir='ltr'><strong>f</strong></span> <span class='ocrx_word' id='word_1_611' title='bbox 2730 3705 2826 3750; x_wconf 86' lang='lat' dir='ltr'><strong>sive</strong></span> <span class='ocrx_word' id='word_1_612' title='bbox 2846 3719 3009 3751; x_wconf 82' lang='lat' dir='ltr'><strong>excen-</strong></span> 
     </span>
     <span class='ocr_line' id='line_1_75' title="bbox 1759 3769 3006 3830; baseline -0.003 -13"><span class='ocrx_word' id='word_1_613' title='bbox 1759 3772 1933 3817; x_wconf 84' lang='lat' dir='ltr'><strong>tricitas</strong></span> <span class='ocrx_word' id='word_1_614' title='bbox 1952 3771 2113 3817; x_wconf 80' lang='lat' dir='ltr'><strong>orbitae</strong></span> <span class='ocrx_word' id='word_1_615' title='bbox 2134 3770 2311 3817; x_wconf 85' lang='lat' dir='ltr'><strong>lunaris</strong></span> <span class='ocrx_word' id='word_1_616' title='bbox 2330 3770 2441 3816; x_wconf 89' lang='lat' dir='ltr'><strong>satis</strong></span> <span class='ocrx_word' id='word_1_617' title='bbox 2460 3779 2586 3816; x_wconf 88' lang='lat' dir='ltr'><strong>certo</strong></span> <span class='ocrx_word' id='word_1_618' title='bbox 2602 3783 2695 3814; x_wconf 86' lang='lat' dir='ltr'><strong>non</strong></span> <span class='ocrx_word' id='word_1_619' title='bbox 2718 3777 2788 3814; x_wconf 75' lang='lat' dir='ltr'><strong>est</strong></span> <span class='ocrx_word' id='word_1_620' title='bbox 2808 3769 3006 3830; x_wconf 83' lang='lat' dir='ltr'><strong>cognita,</strong></span> 
     </span>
     <span class='ocr_line' id='line_1_76' title="bbox 1758 3831 3007 3895; baseline -0.004 -13"><span class='ocrx_word' id='word_1_621' title='bbox 1758 3844 1815 3882; x_wconf 87' lang='lat' dir='ltr'><strong>ut</strong></span> <span class='ocrx_word' id='word_1_622' title='bbox 1834 3843 2014 3882; x_wconf 84' lang='lat' dir='ltr'><strong>constat</strong></span> <span class='ocrx_word' id='word_1_623' title='bbox 2033 3849 2091 3880; x_wconf 85' lang='lat' dir='ltr'><strong>ex</strong></span> <span class='ocrx_word' id='word_1_624' title='bbox 2112 3834 2296 3895; x_wconf 78' lang='lat' dir='ltr'><strong>iis⁴quae</strong></span> <span class='ocrx_word' id='word_1_625' title='bbox 2317 3833 2376 3880; x_wconf 88' lang='lat' dir='ltr'><strong>de</strong></span> <span class='ocrx_word' id='word_1_626' title='bbox 2397 3833 2735 3880; x_wconf 78' lang='lat' dir='ltr'><strong>excentricit&#39;ate</strong></span> <span class='ocrx_word' id='word_1_627' title='bbox 2750 3831 2873 3878; x_wconf 81' lang='lat' dir='ltr'><strong>dicta</strong></span> <span class='ocrx_word' id='word_1_628' title='bbox 2885 3840 3007 3888; x_wconf 88' lang='lat' dir='ltr'><strong>sunt,</strong></span> 
     </span>
     <span class='ocr_line' id='line_1_77' title="bbox 1760 3895 3005 3955; baseline -0.006 -11"><span class='ocrx_word' id='word_1_629' title='bbox 1760 3899 1834 3946; x_wconf 89' lang='lat' dir='ltr'><strong>hic</strong></span> <span class='ocrx_word' id='word_1_630' title='bbox 1854 3907 2013 3944; x_wconf 80' lang='lat' dir='ltr'><strong>autem</strong></span> <span class='ocrx_word' id='word_1_631' title='bbox 2034 3897 2315 3944; x_wconf 86' lang='lat' dir='ltr'><strong>mediocrem</strong></span> <span class='ocrx_word' id='word_1_632' title='bbox 2346 3895 2737 3944; x_wconf 82' lang='lat' dir='ltr'><strong>excentricitatem</strong></span> <span class='ocrx_word' id='word_1_633' title='bbox 2758 3895 3005 3955; x_wconf 74' lang='lat' dir='ltr'><strong>assumpsi..</strong></span> 
     </span>
     <span class='ocr_line' id='line_1_78' title="bbox 1756 3959 3007 4022; baseline -0.001 -15"><span class='ocrx_word' id='word_1_634' title='bbox 1756 3973 1863 4008; x_wconf 84' lang='lat' dir='ltr'><strong>mus</strong></span> <span class='ocrx_word' id='word_1_635' title='bbox 1906 3965 2033 4010; x_wconf 83' lang='lat'>5505</span> <span class='ocrx_word' id='word_1_636' title='bbox 2074 3961 2279 4021; x_wconf 87' lang='lat' dir='ltr'><strong>partium</strong></span> <span class='ocrx_word' id='word_1_637' title='bbox 2320 3975 2517 4022; x_wconf 87' lang='lat' dir='ltr'><strong>quarum</strong></span> <span class='ocrx_word' id='word_1_638' title='bbox 2561 3959 2719 4006; x_wconf 87' lang='lat' dir='ltr'><strong>radius</strong></span> <span class='ocrx_word' id='word_1_639' title='bbox 2754 3959 2915 4006; x_wconf 80' lang='lat' dir='ltr'><strong>orbitae</strong></span> <span class='ocrx_word' id='word_1_640' title='bbox 2949 3959 3007 4006; x_wconf 84' lang='lat' dir='ltr'><strong>sit</strong></span> 
     </span>
     <span class='ocr_line' id='line_1_79' title="bbox 1760 4021 3007 4086; baseline -0.003 -14"><span class='ocrx_word' id='word_1_641' title='bbox 1760 4030 1949 4072; x_wconf 83' lang='grc'>100000</span> <span class='ocrx_word' id='word_1_642' title='bbox 1969 4039 2079 4072; x_wconf 88' lang='lat' dir='ltr'><strong>cum</strong></span> <span class='ocrx_word' id='word_1_643' title='bbox 2104 4025 2337 4072; x_wconf 79' lang='lat' dir='ltr'><strong>Newtono</strong></span> <span class='ocrx_word' id='word_1_644' title='bbox 2357 4039 2498 4086; x_wconf 87' lang='lat' dir='ltr'><strong>quam</strong></span> <span class='ocrx_word' id='word_1_645' title='bbox 2524 4023 2745 4070; x_wconf 86' lang='lat' dir='ltr'><strong>Cassinus</strong></span> <span class='ocrx_word' id='word_1_646' title='bbox 2764 4021 2877 4068; x_wconf 85' lang='lat' dir='ltr'><strong>facit</strong></span> <span class='ocrx_word' id='word_1_647' title='bbox 2906 4032 3007 4069; x_wconf 86' lang='lat' dir='ltr'><strong>tan·</strong></span> 
     </span>
     <span class='ocr_line' id='line_1_80' title="bbox 1755 4085 3006 4148; baseline -0.001 -14"><span class='ocrx_word' id='word_1_648' title='bbox 1755 4088 1861 4136; x_wconf 75' lang='lat' dir='ltr'><strong>tum</strong></span> <span class='ocrx_word' id='word_1_649' title='bbox 1878 4095 2005 4137; x_wconf 81' lang='lat'>5480</span> <span class='ocrx_word' id='word_1_650' title='bbox 2020 4090 2235 4148; x_wconf 83' lang='lat' dir='ltr'><strong>partium,</strong></span> <span class='ocrx_word' id='word_1_651' title='bbox 2260 4097 2307 4136; x_wconf 89' lang='lat' dir='ltr'><strong>et</strong></span> <span class='ocrx_word' id='word_1_652' title='bbox 2326 4088 2445 4134; x_wconf 85' lang='lat' dir='ltr'><strong>forte</strong></span> <span class='ocrx_word' id='word_1_653' title='bbox 2466 4087 2620 4133; x_wconf 89' lang='lat' dir='ltr'><strong>minor</strong></span> <span class='ocrx_word' id='word_1_654' title='bbox 2634 4085 2807 4133; x_wconf 85' lang='lat' dir='ltr'><strong>assumi</strong></span> <span class='ocrx_word' id='word_1_655' title='bbox 2822 4085 3006 4133; x_wconf 81' lang='lat' dir='ltr'><strong>deberet</strong></span> 
     </span>
     <span class='ocr_line' id='line_1_81' title="bbox 1756 4149 3003 4206; baseline -0.002 -8"><span class='ocrx_word' id='word_1_656' title='bbox 1756 4153 1794 4198; x_wconf 87' lang='lat' dir='ltr'><strong>si</strong></span> <span class='ocrx_word' id='word_1_657' title='bbox 1816 4152 2079 4200; x_wconf 83' lang='lat' dir='ltr'><strong>attendatur</strong></span> <span class='ocrx_word' id='word_1_658' title='bbox 2109 4153 2169 4199; x_wconf 86' lang='lat' dir='ltr'><strong>ad</strong></span> <span class='ocrx_word' id='word_1_659' title='bbox 2202 4151 2593 4203; x_wconf 85' lang='lat' dir='ltr'><strong>excentricitatem</strong></span> <span class='ocrx_word' id='word_1_660' title='bbox 2622 4151 2784 4197; x_wconf 80' lang='lat' dir='ltr'><strong>orbitae</strong></span> <span class='ocrx_word' id='word_1_661' title='bbox 2815 4149 3003 4206; x_wconf 82' lang='lat' dir='ltr'><strong>lunaris,</strong></span> 
     </span>
    </p>
   </div>
   <div class='ocr_carea' id='block_1_23' title="bbox 1756 4213 3051 4278">
    <p class='ocr_par' dir='ltr' id='par_1_29' title="bbox 1756 4213 3051 4278">
     <span class='ocr_line' id='line_1_82' title="bbox 1756 4213 3051 4278; baseline -0.001 -17"><span class='ocrx_word' id='word_1_662' title='bbox 1756 4215 1906 4278; x_wconf 85' lang='lat' dir='ltr'><strong>qualis</strong></span> <span class='ocrx_word' id='word_1_663' title='bbox 1942 4232 1997 4262; x_wconf 86' lang='lat' dir='ltr'><strong>ea</strong></span> <span class='ocrx_word' id='word_1_664' title='bbox 2031 4214 2152 4263; x_wconf 82' lang='lat' dir='ltr'><strong>foret</strong></span> <span class='ocrx_word' id='word_1_665' title='bbox 2172 4216 2288 4263; x_wconf 87' lang='lat' dir='ltr'><strong>citra</strong></span> <span class='ocrx_word' id='word_1_666' title='bbox 2312 4215 2431 4264; x_wconf 82' lang='lat' dir='ltr'><strong>Solis</strong></span> <span class='ocrx_word' id='word_1_667' title='bbox 2468 4215 2712 4268; x_wconf 86' lang='lat' dir='ltr'><strong>actionem,</strong></span> <span class='ocrx_word' id='word_1_668' title='bbox 2746 4227 2805 4259; x_wconf 85' lang='lat' dir='ltr'><strong>ex</strong></span> <span class='ocrx_word' id='word_1_669' title='bbox 2838 4213 3005 4275; x_wconf 81' lang='lat' dir='ltr'><strong>quibus</strong></span> <span class='ocrx_word' id='word_1_670' title='bbox 3046 4246 3051 4250; x_wconf 94' lang='lat'>-</span> 
     </span>
    </p>
   </div>
   <div class='ocr_carea' id='block_1_24' title="bbox 1752 4276 3003 4726">
    <p class='ocr_par' dir='ltr' id='par_1_30' title="bbox 1752 4276 3003 4726">
     <span class='ocr_line' id='line_1_83' title="bbox 1756 4276 3003 4340; baseline -0.003 -14"><span class='ocrx_word' id='word_1_671' title='bbox 1756 4279 2211 4336; x_wconf 82' lang='lat' dir='ltr'><strong>considerationibus,</strong></span> <span class='ocrx_word' id='word_1_672' title='bbox 2246 4279 2393 4340; x_wconf 88' lang='lat' dir='ltr'><strong>liquet</strong></span> <span class='ocrx_word' id='word_1_673' title='bbox 2430 4278 2739 4338; x_wconf 78' lang='lat' dir='ltr'><strong>aequationem</strong></span> <span class='ocrx_word' id='word_1_674' title='bbox 2768 4276 3003 4323; x_wconf 74' lang='lat' dir='ltr'><strong>inventam</strong></span> 
     </span>
     <span class='ocr_line' id='line_1_84' title="bbox 1756 4339 3003 4404; baseline -0.002 -17"><span class='ocrx_word' id='word_1_675' title='bbox 1756 4343 1986 4390; x_wconf 85' lang='lat' dir='ltr'><strong>minorem</strong></span> <span class='ocrx_word' id='word_1_676' title='bbox 2007 4343 2185 4390; x_wconf 85' lang='lat' dir='ltr'><strong>factum</strong></span> <span class='ocrx_word' id='word_1_677' title='bbox 2204 4343 2262 4388; x_wconf 90' lang='lat' dir='ltr'><strong>iri</strong></span> <span class='ocrx_word' id='word_1_678' title='bbox 2282 4341 2425 4404; x_wconf 67' lang='lat' dir='ltr'><strong>quam</strong></span> <span class='ocrx_word' id='word_1_679' title='bbox 2449 4343 2505 4388; x_wconf 71' lang='grc' dir='ltr'><strong>θ’.</strong></span> <span class='ocrx_word' id='word_1_680' title='bbox 2534 4340 2655 4398; x_wconf 86' lang='grc'><strong>56”.,</strong></span> <span class='ocrx_word' id='word_1_681' title='bbox 2679 4341 2836 4402; x_wconf 85' lang='lat' dir='ltr'><strong>sieque</strong></span> <span class='ocrx_word' id='word_1_682' title='bbox 2855 4339 3003 4402; x_wconf 86' lang='lat' dir='ltr'><strong>magis</strong></span> 
     </span>
     <span class='ocr_line' id='line_1_85' title="bbox 1754 4403 3001 4470; baseline -0.004 -16"><span class='ocrx_word' id='word_1_683' title='bbox 1754 4421 2040 4454; x_wconf 83' lang='lat' dir='ltr'><strong>accessuram</strong></span> <span class='ocrx_word' id='word_1_684' title='bbox 2060 4407 2123 4453; x_wconf 89' lang='lat' dir='ltr'><strong>ad</strong></span> <span class='ocrx_word' id='word_1_685' title='bbox 2142 4408 2453 4470; x_wconf 78' lang='lat' dir='ltr'><strong>aequationem</strong></span> <span class='ocrx_word' id='word_1_686' title='bbox 2470 4405 2528 4452; x_wconf 72' lang='grc' dir='ltr'><strong>θ’.</strong></span> <span class='ocrx_word' id='word_1_687' title='bbox 2546 4407 2647 4452; x_wconf 83' lang='grc'><strong><em>45”.</em></strong></span> <span class='ocrx_word' id='word_1_688' title='bbox 2668 4419 2775 4466; x_wconf 67' lang='lat' dir='ltr'><strong>quse</strong></span> <span class='ocrx_word' id='word_1_689' title='bbox 2796 4418 2853 4450; x_wconf 85' lang='lat' dir='ltr'><strong>ex</strong></span> <span class='ocrx_word' id='word_1_690' title='bbox 2875 4403 3001 4464; x_wconf 78' lang='lat' dir='ltr'><strong>phae-</strong></span> 
     </span>
     <span class='ocr_line' id='line_1_86' title="bbox 1757 4467 3002 4533; baseline -0.002 -17"><span class='ocrx_word' id='word_1_691' title='bbox 1757 4471 1975 4518; x_wconf 87' lang='lat' dir='ltr'><strong>nomenis</strong></span> <span class='ocrx_word' id='word_1_692' title='bbox 2004 4469 2269 4533; x_wconf 70' lang='lat' dir='ltr'><strong>colligitur:</strong></span> <span class='ocrx_word' id='word_1_693' title='bbox 2310 4467 2517 4516; x_wconf 64' lang='lat' dir='ltr'><strong>secund&amp;</strong></span> <span class='ocrx_word' id='word_1_694' title='bbox 2548 4467 2659 4516; x_wconf 73' lang='lat' dir='ltr'><strong>cum</strong></span> <span class='ocrx_word' id='word_1_695' title='bbox 2690 4467 2837 4514; x_wconf 82' lang='lat' dir='ltr'><strong>varias</strong></span> <span class='ocrx_word' id='word_1_696' title='bbox 2856 4468 3002 4530; x_wconf 76' lang='lat' dir='ltr'><strong>hypo-</strong></span> 
     </span>
     <span class='ocr_line' id='line_1_87' title="bbox 1754 4529 2997 4596; baseline -0.002 -16"><span class='ocrx_word' id='word_1_697' title='bbox 1754 4535 1904 4580; x_wconf 84' lang='lat' dir='ltr'><strong>theses</strong></span> <span class='ocrx_word' id='word_1_698' title='bbox 1946 4533 2339 4594; x_wconf 86' lang='lat' dir='ltr'><strong>assumpserimus,</strong></span> <span class='ocrx_word' id='word_1_699' title='bbox 2380 4547 2489 4580; x_wconf 87' lang='lat' dir='ltr'><strong>vero</strong></span> <span class='ocrx_word' id='word_1_700' title='bbox 2524 4532 2713 4596; x_wconf 87' lang='lat' dir='ltr'><strong>quidem</strong></span> <span class='ocrx_word' id='word_1_701' title='bbox 2753 4529 2997 4591; x_wconf 76' lang='lat' dir='ltr'><strong>proximas,</strong></span> 
     </span>
     <span class='ocr_line' id='line_1_88' title="bbox 1752 4594 2992 4658; baseline 0 -16"><span class='ocrx_word' id='word_1_702' title='bbox 1752 4613 1848 4644; x_wconf 89' lang='lat' dir='ltr'><strong>non</strong></span> <span class='ocrx_word' id='word_1_703' title='bbox 1868 4607 2026 4645; x_wconf 85' lang='lat' dir='ltr'><strong>tamen</strong></span> <span class='ocrx_word' id='word_1_704' title='bbox 2058 4613 2186 4646; x_wconf 79' lang='lat' dir='ltr'><strong>veras</strong></span> <span class='ocrx_word' id='word_1_705' title='bbox 2217 4597 2441 4652; x_wconf 71' lang='lat' dir='ltr'><strong>absolute,</strong></span> <span class='ocrx_word' id='word_1_706' title='bbox 2476 4605 2531 4644; x_wconf 88' lang='lat' dir='ltr'><strong>ut</strong></span> <span class='ocrx_word' id='word_1_707' title='bbox 2560 4596 2707 4658; x_wconf 89' lang='lat' dir='ltr'><strong>liquet</strong></span> <span class='ocrx_word' id='word_1_708' title='bbox 2726 4609 2784 4641; x_wconf 86' lang='lat' dir='ltr'><strong>ex</strong></span> <span class='ocrx_word' id='word_1_709' title='bbox 2812 4594 2920 4644; x_wconf 85' lang='lat' dir='ltr'><strong>Cor.</strong></span> <span class='ocrx_word' id='word_1_710' title='bbox 2950 4598 2992 4643; x_wconf 83' lang='lat'><strong>1.</strong></span> 
     </span>
     <span class='ocr_line' id='line_1_89' title="bbox 1757 4659 2997 4726; baseline -0.004 -17"><span class='ocrx_word' id='word_1_711' title='bbox 1757 4661 1913 4710; x_wconf 86' lang='lat' dir='ltr'><strong>Probl.</strong></span> <span class='ocrx_word' id='word_1_712' title='bbox 1942 4663 1986 4710; x_wconf 87' lang='lat'><strong>1.</strong></span> <span class='ocrx_word' id='word_1_713' title='bbox 2016 4664 2144 4726; x_wconf 81' lang='lat' dir='ltr'><strong>(pag.</strong></span> <span class='ocrx_word' id='word_1_714' title='bbox 2170 4661 2272 4724; x_wconf 83' lang='grc'>80.)</span> <span class='ocrx_word' id='word_1_715' title='bbox 2292 4677 2350 4710; x_wconf 88' lang='lat' dir='ltr'><strong>ex</strong></span> <span class='ocrx_word' id='word_1_716' title='bbox 2381 4661 2440 4710; x_wconf 87' lang='lat' dir='ltr'><strong>iis</strong></span> <span class='ocrx_word' id='word_1_717' title='bbox 2458 4660 2688 4710; x_wconf 80' lang='lat' dir='ltr'><strong>erroribus</strong></span> <span class='ocrx_word' id='word_1_718' title='bbox 2718 4659 2831 4720; x_wconf 75' lang='lat' dir='ltr'><strong>ipssa</strong></span> <span class='ocrx_word' id='word_1_719' title='bbox 2850 4671 2997 4722; x_wconf 84' lang='lat' dir='ltr'><strong>quan·</strong></span> 
     </span>
    </p>
   </div>
  </div>
 </body>
</html>
