3384 5509
551 326 576 369 S

280 432 530 499 'Linea
562 431 920 513 Titanus]
971 415 976 418 ’
1012 432 1491 499 PRINCIPIA
1539 430 2279 499 MATHEMATICA.
2780 438 2867 499 25

307 626 374 665 m
407 603 511 667 Pl
559 600 834 687 aequalis.
927 602 1078 666 Hoc
1127 613 1335 665 autem
1380 602 1447 664 in
1499 624 1663 680 casu,
1720 604 1983 689 angulus
2032 625 2100 665 m
2132 602 2235 667 Pl
2290 612 2385 665 est
2433 600 2513 663 ad
2563 601 2864 689 angulum

311 712 368 775 P
398 712 460 775 T
491 711 588 787 M,
641 734 828 796 quem
857 710 1042 775 Luna
1084 710 1302 773 eodem
1347 722 1628 793 tempore
1655 722 1830 774 motu
1878 702 1991 774 suo
2036 721 2373 795 apparente
2402 707 2568 771 c'irca
2594 706 2863 770 Terram

306 815 620 894 describit,
673 830 748 881 ut·
799 825 827 879 1
885 816 966 879 ad
1018 824 1120 893 59,
1155 822 1300 883 575.
1388 815 1551 879 Nam
1609 816 1871 902 angulus
1917 840 1983 879 m
2014 818 2069 882 P
2098 817 2121 879 l
2174 816 2431 901 aequalis
2483 825 2579 878 est
2628 811 2862 898 angulo

305 922 368 987 L
402 923 458 986 P
490 922 588 999 M,
639 922 705 987 id
737 904 858 998 est,
911 922 1142 1008 angulo
1168 922 1529 987 deflexionis
1560 922 1763 986 Lunae
1792 946 1831 987 a
1856 935 2029 987 recto
2058 925 2321 1004 tramite,
2367 943 2553 1008 quem
2597 918 2731 983 sola
2768 916 2861 979 vis

299 1028 568 1111 praefata
595 1028 808 1093 solaris
862 1038 900 1091 3
933 1028 966 1092 Ι
998 1028 1081 1105 Τ,
1136 1030 1190 1092 si
1239 1041 1372 1092 tum
1402 1041 1669 1093 cessaret
1700 1029 1903 1092 Lunae
1930 1031 2219 1115 gravitaS,
2263 1029 2411 1117 dato
2438 1028 2548 1091 illo
2577 1040 2859 1109 tempore

304 1156 610 1221 generare
637 1145 880 1217 posset3
923 1136 1018 1218 (ω)
1071 1146 1136 1199 et
1181 1134 1443 1221 angulus
1496 1136 1552 1198 P
1582 1135 1645 1198 T
1676 1134 1757 1199 M
1802 1135 2055 1219 aequalis
2078 1147 2195 1202 ,est
2236 1134 2465 1221 angulo
2494 1130 2861 1198 deflexionis

307 1243 515 1305 Lunae
544 1267 581 1306 a
609 1256 782 1307 recto
811 1245 1074 1319 tramite,
1123 1250 1307 1329 quem
1335 1244 1426 1305 vis
1455 1243 1580 1321 illa,
1628 1242 1749 1328 qua
1782 1244 1967 1307 Luna
2009 1243 2072 1305 in
2118 1244 2271 1307 orbe
2300 1265 2413 1305 suo
2442 1243 2759 1319 retinetur,
2807 1241 2861 1305 si

301 1329 446 1416 tum
472 1365 741 1417 cessaret
767 1354 858 1417 vis
889 1353 1105 1417 solaris
1151 1363 1191 1417 3
1227 1353 1258 1415 Ι
1290 1350 1369 1428 Τ,
1418 1352 1638 1415 eodem
1668 1365 1949 1434 tempore
1978 1362 2325 1438 generaret.
2416 1351 2500 1414 Et
2542 1350 2643 1413 hae
2672 1352 2853 1426 vireS,

302 1473 378 1523 ut
406 1480 596 1543 supra
621 1459 908 1536 diximus„
944 1472 1089 1523 sunt
1115 1458 1195 1521 ad
1225 1458 1486 1522 invicem
1516 1469 1586 1519 ut
1621 1466 1662 1519 1·
1687 1457 1769 1521 ad
1800 1466 1901 1534 59,
1929 1464 2075 1525 575.
2166 1461 2243 1541 (¹¹)
2280 1458 2453 1543 Ergo
2482 1455 2625 1519 cum
2654 1470 2859 1521 motus

300 1566 549 1631 medius
593 1565 880 1630 horarius
911 1566 1114 1629 Lunae
1155 1575 1438 1647 respectu
1467 1563 1737 1627 fixarum
1780 1562 1859 1626 sit
1904 1565 2025 1627 32‘.
2059 1566 2199 1629 56⁰.
2232 1566 2391 1631 27'‘'.
2428 1562 2606 1644 1231',
2652 1553 2858 1627 motus

299 1676 592 1741 horarius
621 1676 773 1740 nodi
799 1676 866 1739 in
893 1677 1016 1739 hoc
1045 1698 1190 1751 casu
1220 1675 1336 1737 erit
1367 1675 1503 1739 33⁰.
1541 1674 1691 1737 10''‘.
1716 1670 1857 1737 33*'.
1896 1680 2020 1735 12⁹2
2096 1671 2255 1737 Aliis
2286 1684 2492 1735 autem
2520 1673 2583 1735 in
2614 1673 2857 1735 casibus

299 1796 515 1847 motus
543 1785 659 1847 iste
685 1783 970 1846 horarius
1002 1783 1120 1845 erit
1147 1781 1227 1844 ad
1260 1773 1394 1844 88⁰.
1431 1782 1577 1843 10”’.
1614 1777 1756 1843 33ὶῆ
1794 1786 1916 1841 12*.
1964 1790 2035 1841 ut
2063 1790 2423 1841 contentum
2453 1779 2569 1842 sub
2600 1779 2855 1841 sinubus

299 1891 682 1978 angulorum
711 1890 900 1953 trium
949 1889 1012 1952 T
1045 1888 1097 1951 P
1128 1888 1181 1965 I,
1232 1887 1286 1950 P
1316 1887 1378 1950 T
1409 1886 1494 1962 N,
1541 1897 1606 1949 et
1659 1886 1705 1949 S
1736 1885 1799 1948 T
1831 1885 1895 1949 N
1946 1891 2082 1970 (seu
2110 1885 2544 1949 distantiarum
2574 1884 2777 1949 Lunae
2819 1910 2857 1949 a

300 1999 704 2085 quadratura,
740 1998 942 2063 Lunae
971 2020 1008 2059 a
1037 1996 1224 2073 nod0,
1258 2007 1321 2059 et
1347 1993 1498 2059 nodi
1528 2016 1565 2058 a
1599 1993 1770 2073 Sole)
1816 1992 1897 2057 ad
1940 1995 2171 2058 cubum
2198 1995 2374 2059 radii.
2463 1996 2537 2080 (⁰)
2586 1994 2671 2059 Et
2701 2018 2857 2080 quo-

1680 2209 1747 2273 (o)
1794 2214 1819 2240 '¹'
1856 2213 1923 2258 Ee
1956 2215 2125 2275 quocies
2157 2217 2339 2273 signum
2376 2215 2569 2275 alicujus
2606 2215 2767 2273 anguli
2802 2217 2859 2261 de

1610 2276 1916 2337 affirmativo,
1938 2277 2023 2323 διο.
2097 2276 2315 2339 Angulos
2351 2278 2401 2332 Q„
2422 2277 2467 2323 T
2492 2278 2533 2325 P
2566 2285 2615 2323 et
2655 2278 2700 2323 N
2726 2278 2771 2325 T
2796 2277 2857 2333 P,
2899 2330 2905 2335 ,

1613 2337 1833 2397 positivos
1869 2349 2001 2387 vocat
2024 2340 2295 2396 Newtonus,
2332 2340 2520 2402 quando
2549 2349 2777 2400 punctum
2812 2342 2859 2389 P

1611 2409 1682 2447 est
1717 2402 1769 2447 in
1802 2404 2127 2465 consequentia
2146 2414 2356 2464 respectu
2376 2413 2655 2465 punctorum
2696 2405 2751 2459 Q
2782 2405 2862 2451 vel

1615 2464 1666 2511 N
1704 2465 1765 2512 ad
1800 2480 1907 2525 quae
1937 2466 2213 2524 referuntur,
2236 2469 2325 2515 hoc
2346 2478 2415 2515 est
2434 2466 2637 2529 angulus
2673 2468 2725 2522 Q
2745 2469 2790 2515 Τ
2813 2468 2860 2515 P

1611 2537 1681 2575 est
1702 2528 1923 2588 positivus
1942 2532 2121 2592 quoties
2141 2546 2273 2579 arcus
2299 2533 2349 2587 Q„
2371 2532 2425 2586 P,
2467 2534 2525 2578 ab
2556 2529 2723 2578 ultima
2742 2547 2861 2594 qua-

1613 2590 1804 2639 dratura
1829 2593 1880 2647 Q
1904 2605 2171 2641 numeratus
2190 2596 2241 2640 in
2262 2594 2588 2657 consequentia
2608 2609 2703 2641 non
2724 2610 2859 2643 exee-

1611 2654 1682 2701 dit
1727 2661 1817 2703 180
1860 2672 1931 2718 gr·
1974 2660 2217 2721 negativus
2259 2658 2366 2706 vero
2406 2658 2517 2706 cum
2555 2673 2688 2704 arcus
2728 2660 2778 2714 Q
2814 2660 2857 2707 P

1612 2719 1795 2767 excedit
1835 2725 1925 2767 180
1956 2737 2066 2783 gr.;
2098 2722 2303 2784 angulus
2341 2723 2392 2770 N
2428 2723 2473 2769 T
2508 2722 2550 2768 P
2586 2722 2755 2782 pariter
2788 2732 2861 2770 est

1611 2782 1835 2843 positivus
1853 2783 1964 2833 cum
1986 2800 2121 2833 arcus
2144 2787 2194 2833 N
2219 2785 2263 2833 P
2282 2802 2312 2833 a
2348 2786 2474 2836 nodo
2494 2784 2771 2833 ascendente
2805 2786 2859 2833 in

1611 2848 1940 2907 consequentia
1980 2858 2251 2897 numeratus
2292 2864 2389 2897 non
2431 2848 2612 2898 excedit
2657 2854 2749 2897 180
2782 2865 2855 2913 gr.

1613 2912 1854 2971 negativus
1888 2911 1993 2959 vero
2030 2922 2101 2961 est
2132 2912 2245 2961 cnm
2278 2913 2320 2959 is
2352 2928 2487 2960 arcus
2528 2913 2578 2959 N
2605 2914 2645 2959 P
2680 2914 2863 2961 excedit

1617 2980 1709 3020 180
1727 2990 1797 3035 gr.
1869 2976 2072 3030 Quando
2093 2978 2217 3024 enim
2239 2992 2372 3025 arcus
2409 2978 2460 3031 Q
2482 2975 2538 3034 P,
2578 2978 2625 3023 N
2653 2978 2695 3023 P
2724 2993 2861 3026 exce-

1612 3036 1733 3084 dunt
1773 3043 1863 3086 180
1882 3054 1953 3101 gr.
1980 3050 2093 3087 tunc
2114 3040 2277 3102 anguli
2312 3041 2358 3095 Q
2381 3041 2426 3087 T
2450 3040 2507 3097 P,
2544 3041 2593 3088 N
2618 3042 2663 3089 Τ
2688 3042 2731 3089 P
2762 3056 2861 3089 nou

1613 3102 1813 3161 amplius
1846 3113 2149 3151 numerantur
2178 3103 2437 3151 secundum
2461 3104 2615 3151 Lunae
2646 3106 2859 3153 directio-

1614 3180 1736 3221 nem,
1754 3180 1834 3213 seu
1848 3166 2108 3215 secundum
2121 3168 2241 3214 viam
2258 3183 2398 3229 quam
2414 3168 2557 3215 Luna
2570 3178 2640 3216 est
2654 3184 2857 3227 emensa,

1612 3228 1696 3274 sed
1726 3230 1985 3277 secundum
2007 3231 2128 3277 viam
2148 3246 2255 3292 quae
2274 3231 2361 3291 ipsi
2382 3231 2679 3283 describenda
2698 3246 2859 3293 super-

1615 3302 1686 3338 est
1706 3302 1761 3339 ut
1792 3293 1851 3339 ad
1882 3304 2057 3353 puncta
2075 3295 2125 3349 Q„
2144 3304 2189 3341 et
2213 3295 2263 3341 N
2284 3294 2454 3349 redeat,
2478 3296 2585 3343 hinc
2605 3295 2675 3341 illi
2696 3295 2860 3357 anguli

1614 3356 1816 3417 negativi
1832 3356 2064 3415 dicuntur,
2082 3373 2246 3405 eorum
2266 3368 2475 3417 respectu
2495 3358 2577 3422 qui
2598 3359 2859 3407 secundnm

1615 3419 1741 3465 viam
1761 3436 1790 3465 a
1813 3416 1957 3467 Luna
1976 3421 2250 3482 descriptam
2270 3434 2611 3469 mensurantur.

1683 3483 1906 3545 Angulus
1928 3482 2034 3532 vero
2061 3486 2094 3532 S
2112 3486 2158 3532 T
2176 3486 2224 3533 N
2239 3484 2461 3546 positivus
2482 3486 2654 3533 dicitur
2672 3485 2861 3549 quando

1615 3562 1749 3593 arcus
1775 3548 1819 3593 A
1842 3548 1890 3593 N
1912 3564 1941 3594 a
1960 3548 2064 3595 loco
2082 3549 2421 3612 conjunctionis
2443 3549 2597 3596 Lunae
2617 3566 2729 3597 cum
2752 3550 2861 3597 Sole
2904 3591 2915 3603 ,

1617 3624 1767 3670 usque
1798 3610 1857 3657 ad
1890 3612 2067 3659 nodum
2089 3622 2249 3659 contra
2268 3612 2477 3659 ordinem
2499 3612 2737 3675 signorum
2769 3629 2862 3661 nu·

372 2216 455 2281 (¹¹¹)
495 2220 523 2248 ¹⁸
557 2218 627 2264 Et
644 2218 845 2278 angadus
869 2218 915 2263 Ρ
937 2218 982 2263 Τ
999 2218 1064 2264 M
1084 2216 1272 2277 aequazis
1293 2222 1357 2260 ese
1377 2213 1548 2272 anguto

297 2278 577 2355 defigit-ionis.
650 2278 874 2341 Angulus
909 2280 967 2325 M
993 2279 1037 2324 P
1057 2294 1088 2338 p
1125 2287 1194 2324 est
1229 2278 1432 2339 angulus
1468 2275 1550 2321 de-

299 2344 519 2391 flexionis
558 2343 618 2391 de
661 2358 755 2405 quo
797 2358 926 2393 nunc
957 2342 1126 2405 egitur,
1171 2341 1403 2404 triangula
1439 2336 1549 2386 vero

303 3418 376 3465 M
400 3418 443 3465 P
463 3435 505 3479 p,
548 3420 608 3467 M
634 3420 675 3465 P
700 3420 744 3467 T
780 3427 890 3467 sunt
911 3418 1077 3465 similia
1098 3421 1157 3465 ob
1177 3418 1406 3480 angulum
1429 3433 1556 3465 com·

299 3496 505 3529 munem
543 3482 586 3531 P
611 3484 668 3530 M
695 3486 753 3541 T,
795 3493 841 3531 et
878 3482 1076 3545 angulos
1096 3492 1244 3529 rectos
1280 3482 1323 3528 T
1353 3482 1391 3527 P
1415 3482 1473 3527 M
1509 3491 1556 3528 et

300 3546 384 3671 ἔς
375 3562 416 3655 ¹1²1
417 3548 512 3656 ἐξ,
523 3548 631 3594 hinc
652 3548 814 3613 anguli
836 3546 1008 3593 residui
1035 3544 1074 3592 P
1094 3547 1139 3593 T
1157 3546 1230 3602 M,
1257 3546 1314 3591 M
1335 3545 1378 3591 P
1393 3560 1424 3605 p
1447 3554 1557 3593 sunt

380 3673 450 3737 (¹²)
492 3678 518 3705 ⁶
543 3678 687 3737 Ergo,
709 3679 794 3725 διο.
868 3674 953 3721 Isti
986 3672 1147 3735 anguli
1169 3672 1438 3719 deflexionis
1474 3672 1555 3719 de.

300 3738 426 3783 bent
445 3754 543 3785 esse
565 3750 618 3787 ut
639 3742 758 3787 vires
794 3738 898 3785 illas
928 3736 1207 3784 deflexiones
1236 3736 1555 3796 producentes,

301 3798 365 3845 in
388 3802 476 3847 hoc
495 3804 620 3849 enim
642 3820 766 3861 casu,
790 3813 984 3863 utreque
1006 3802 1072 3845 vis
1093 3801 1190 3863 agit
1209 3800 1556 3860 perpendicula-

301 3864 424 3910 riter
460 3865 520 3912 ad
557 3878 826 3931 tangentem
857 3865 908 3912 Ῥ
947 3866 1021 3921 Μ,
1056 3865 1164 3910 hinc
1198 3863 1381 3910 lineolae
1417 3863 1475 3909 M
1510 3880 1556 3923 p,

306 3928 377 3974 M
402 3928 446 3975 L
485 3944 567 3989 per
601 3946 678 3978 eas
715 3932 833 3978 vires
855 3930 1024 3991 genitoe
1058 3938 1263 3988 tempore
1284 3927 1462 3983 eodem,
1503 3943 1558 3975 eo

303 4004 482 4051 nempe
520 4010 613 4055 quo
646 4002 937 4056 percurretur
957 3992 1188 4053 tangentis
1225 3990 1374 4052 portio
1415 3990 1457 4038 P
1481 3992 1554 4049 M,

303 4052 484 4103 debent
515 4073 613 4105 esse
644 4069 699 4105 ut
731 4059 841 4120 ipsoe
862 4056 956 4105 illae
977 4055 1124 4110 vires3
1157 4070 1224 4101 eae
1245 4054 1354 4101 vero
1375 4054 1558 4100 lineolae

302 4128 501 4179 sumpto
518 4120 562 4167 P
577 4122 636 4169 M
651 4137 733 4182 pro
749 4121 877 4169 radio
897 4128 1007 4167 suut
1022 4126 1262 4181 tangentes
1277 4120 1560 4179 angulorum

303 4180 584 4231 deflexionis
603 4201 634 4246 p
668 4186 710 4233 P
732 4186 804 4242 M,
832 4184 887 4231 M
908 4184 950 4230 P
967 4182 1027 4239 L,
1059 4192 1106 4229 et
1127 4182 1288 4245 anguli
1310 4181 1450 4243 quam
1472 4182 1558 4227 mi-

303 4244 432 4292 nimi
454 4258 563 4295 sunt
582 4259 639 4296 ut
657 4250 863 4309 ipsorum
885 4257 1141 4309 tangenteS,
1175 4261 1286 4307 ergo
1307 4246 1470 4308 anguli
1491 4244 1561 4291 illi

303 4308 583 4359 deflexionis
604 4326 714 4361 sunt
735 4324 789 4360 ut
811 4313 926 4358 vires
946 4312 1048 4357 illas
1064 4308 1383 4369 producentes,
1407 4320 1562 4355 motus

302 4380 472 4421 autem
493 4377 662 4423 horarii
682 4378 832 4425 Lunae
854 4385 900 4422 et
920 4374 1150 4421 nodorum
1167 4381 1278 4419 sunt
1297 4374 1381 4433 ipsi
1399 4372 1564 4435 anguli

307 4436 361 4484 P
381 4438 423 4485 T
439 4438 500 4485 Μ
521 4450 568 4488 et
589 4456 638 4488 m
651 4440 745 4497 ¹1¹1,
769 4440 973 4502 quisunt
993 4452 1050 4484 ex
1072 4438 1392 4484 demonstratis
1409 4452 1562 4498 aequa-

301 4499 383 4549 lec
411 4504 598 4565 angulis
618 4504 932 4551 deflexionum
969 4502 1023 4548 M
1053 4501 1096 4548 P
1118 4516 1164 4561 p,
1205 4501 1260 4547 M
1290 4501 1332 4547 P
1357 4502 1417 4558 L,
1453 4516 1564 4562 ergo

302 4573 472 4613 motus
501 4568 670 4616 horarii
693 4577 804 4615 sunt
823 4576 878 4614 ut
901 4565 1017 4612 vires
1037 4564 1140 4612 illas
1160 4564 1437 4612 deflexiones
1460 4578 1562 4625 pro·

303 4626 555 4679 ducentes.
619 4632 682 4688 Q,
705 4648 745 4679 e.
765 4646 808 4678 ο.

1615 3686 1831 3728 meratus,
1857 3686 1925 3721 est
1944 3674 2099 3723 minor
2124 3682 2213 3723 180
2233 3691 2324 3739 gn,
2357 3677 2600 3738 negativus
2619 3676 2727 3725 vero
2747 3676 2863 3725 dici·

1615 3747 1694 3784 tur
1715 3736 1825 3783 cnm
1847 3739 2029 3786 excedit
2052 3745 2145 3787 180
2166 3754 2257 3803 gr„
2292 3740 2415 3802 quie,
2439 3738 2551 3788 cum
2571 3740 2683 3789 nodi
2701 3756 2860 3789 move·

1615 3810 1755 3848 antur
1774 3811 1935 3849 contra
1967 3802 2175 3849 ordinem
2198 3804 2438 3865 signorum
2468 3805 2565 3850 sive
2595 3805 2647 3851 in
2678 3814 2857 3853 antece-

1617 3864 1787 3921 dentia,
1827 3866 2029 3928 angulus
2071 3867 2103 3915 S
2144 3866 2189 3915 T
2225 3868 2275 3913 N
2312 3868 2462 3927 primo
2496 3884 2605 3915 casu
2648 3869 2863 3929 exprimit
2901 3870 2905 3876 '

1617 3929 1741 3976 viam
1781 3927 1891 3975 nodi
1912 3946 1941 3976 a
1962 3930 2160 3995 syzygia,
2201 3929 2405 3977 secundo
2426 3947 2536 3979 casu
2568 3933 2690 3981 viam
2720 3946 2860 3995 quam

1616 3991 1797 4039 emetiri
1817 3992 1953 4040 debet
1972 4004 2027 4040 ut
2046 3994 2107 4041 ad
2128 3994 2361 4055 syzygiam
2382 3995 2553 4043 redeat.
2631 4032 2637 4041 .

1686 4056 1988 4103 Ptobandum
2010 4066 2167 4104 autem
2196 4057 2262 4104 10.
2291 4060 2413 4119 quod
2438 4060 2476 4105 si
2499 4068 2589 4106 tres
2609 4059 2678 4108 illi
2699 4058 2864 4121 anguli

1624 4121 1674 4174 Q
1696 4121 1742 4166 T
1769 4122 1822 4173 P,
1849 4121 1899 4167 N
1924 4120 1969 4168 T
1994 4121 2050 4178 P,
2077 4122 2109 4168 S
2134 4120 2180 4168 T
2203 4122 2267 4177 N,
2290 4122 2383 4168 sint
2403 4122 2581 4181 positivi
2603 4132 2758 4169 motus
2777 4137 2863 4168 no-

1618 4186 1786 4230 dorum
1808 4193 1877 4231 est
1897 4185 2200 4246 regressivusz
2240 4184 2312 4231 20.
2351 4184 2475 4246 quod
2496 4185 2534 4231 si
2557 4201 2679 4232 unus
2700 4200 2862 4231 eorum

1619 4248 1679 4294 eit
1699 4249 1952 4311 negativus,
1975 4248 2140 4310 reliqui
2157 4249 2353 4309 positivi,
2376 4258 2530 4295 motus
2546 4250 2775 4295 nodorum
2795 4258 2867 4295 eet
2938 4303 2946 4309 ,Α

1620 4314 1842 4373 progressi
1850 4327 1946 4357 vus.
2002 4311 2077 4359 30.
2110 4312 2251 4366 Quod
2276 4312 2317 4359 si
2337 4326 2460 4357 unus
2480 4326 2641 4359 eorum
2662 4312 2721 4359 sit
2742 4313 2864 4372 posi-

1619 4375 1757 4429 tivus,
1780 4375 1875 4422 duo
1897 4376 2112 4437 negativi,
2136 4386 2290 4422 motus
2313 4374 2539 4422 nodorum
2562 4386 2631 4422 est
2650 4375 2864 4438 regressi·

1621 4455 1721 4485 vus.
1790 4440 1864 4488 40.
1906 4439 2124 4500 Denique
2146 4439 2270 4499 quod
2293 4440 2330 4483 si
2352 4453 2513 4485 omnes
2534 4440 2626 4485 sint
2647 4439 2865 4501 negativi,

1621 4512 1777 4551 motus
1794 4501 2021 4549 nodorum
2037 4504 2206 4548 iterum
2227 4504 2285 4547 sit
2306 4504 2632 4563 progressivus,
2654 4504 2719 4550 sic
2740 4503 2867 4551 enim

1623 4569 1791 4629 quotics
1813 4569 1997 4626 signum
2018 4568 2214 4628 alicujus
2246 4568 2407 4625 anguli
2428 4570 2483 4613 de
2514 4569 2787 4631 affirmativo
2817 4568 2869 4614 in.

1624 4634 1907 4693 negativum,
1940 4632 2081 4695 deque
2101 4632 2372 4695 qffi'rmata'vo
2404 4636 2460 4679 in
2480 4634 2741 4690 negativum
2762 4648 2866 4683 mu·
