3384 5509
286 410 893 492 LmnnTEnr1US.]
964 410 1446 477 PRINCIPIA
1494 410 2234 478 MATHEMATICA.
2732 422 2854 478 133

282 587 636 665 vicinioreS,
684 586 791 672 qui
829 587 896 649 in
931 587 1029 650 his
1056 586 1339 672 partibus
1369 597 1799 661 versarentur3
1845 596 1910 649 et
1941 585 2051 650 Sol
2078 582 2475 670 interpositus
2505 583 2863 651 obscuraret

284 706 564 757 caeterOS.
628 692 868 757 Verum
890 692 1313 778 percurrendo
1341 693 1628 756 historias
1652 704 2052 770 cometarum,
2081 695 2282 777 reperi
2312 693 2482 779 quod
2504 683 2856 778 quadruplo

282 798 395 862 vel·
427 800 757 885 quintuplo
799 800 1009 883 plures
1039 799 1265 863 detecti
1295 812 1439 863 sunt
1476 800 1542 862 in
1569 798 2013 883 hemisphaerio
2047 800 2258 865 Solem
2287 823 2518 879 versuS,
2564 798 2752 886 quem
2792 802 2859 863 in

282 904 729 989 hemisphaerio
774 906 1080 990 opposit0,
1124 918 1357 989 praeter
1396 906 1552 969 alios
1602 906 2017 990 proculdubio
2066 928 2195 969 non
2241 930 2493 991 paucos,
2542 930 2698 994 quos
2747 908 2861 971 lux

286 1012 507 1075 solaris
553 1012 809 1076 obtexit.
900 1012 1216 1074 Nimirum
1259 1012 1323 1075 in
1354 1013 1659 1077 descensu
1689 1011 1772 1075 ad
1812 1010 2098 1097 regiones
2125 1026 2372 1077 nostras
2400 1036 2601 1100 neque
2631 1010 2857 1079 caudas
2928 1079 2932 1085 ,

284 1119 596 1195 emittunt,
642 1140 847 1203 neque
888 1118 1049 1183 adee
1091 1120 1479 1185 illustrantur
1520 1143 1557 1182 a
1604 1119 1768 1195 Sole,
1815 1130 1888 1181 ut
1925 1117 2109 1183 nudis
2153 1120 2350 1183 oculis
2379 1114 2444 1184 se
2487 1122 2660 1205 prius
2690 1123 2858 1187 dete-

286 1227 529 1315 gendos
574 1228 927 1306 exhibeant,
976 1227 1163 1316 quem
1205 1230 1330 1293 sint
1370 1230 1509 1313 ipso
1535 1229 1692 1292 Jove
1721 1228 2064 1311 propiores
2158 1228 2357 1310 Spatii
2385 1242 2592 1292 autem
2619 1232 2860 1310 tantillo

284 1338 614 1401 intervallo
656 1338 820 1401 circa
854 1338 1064 1403 Solem
1092 1338 1387 1421 descripti
1415 1358 1560 1421 pars
1602 1334 1792 1421 longe
1833 1335 2032 1418 major
2061 1334 2180 1397 sita
2209 1347 2304 1398 est
2331 1358 2368 1397 a
2394 1336 2585 1401 latere
2616 1338 2856 1416 Terrae,

286 1444 461 1528 quod
494 1444 713 1508 Solem·
733 1446 986 1529 respicit
1002 1468 1022 1519 3,
1065 1444 1255 1529 inque
1294 1454 1473 1527 parte
1514 1439 1618 1506 illa
1657 1442 1892 1525 majore
1923 1452 2201 1518 cometae,
2253 1440 2386 1505 Soli
2427 1438 2496 1505 ut
2523 1442 2860 1534 plurimum

287 1552 635 1629 vicinioreS,
668 1553 865 1639 magis
893 1532 1230 1615 illuminari
1260 1551 1478 1614 solent.
1680 1623 1688 1631 ἢ

380 1660 577 1723 Corol.
610 1669 669 1723 3.
722 1658 799 1743 (ἓ)
834 1660 1013 1723 Hine
1056 1658 1244 1721 etiam
1283 1638 1698 1729 manifestum,
1721 1666 1832 1735 est,
1879 1656 2052 1751 quod
2099 1655 2240 1719 coeli
2285 1657 2630 1741 resistentie
2675 1660 2863 1725 desti-

287 1781 571 1834 tuuntur.
662 1770 831 1833 Nam
873 1750 1135 1854 eometae
1176 1770 1306 1833 vias
1351 1769 1633 1853 obliquas
1662 1778 1726 1832 et
1753 1790 2200 1854 nonnunquam
2229 1771 2435 1833 cursui
2478 1771 2866 1859 planetarum

290 1878 637 1941 contrarias
680 1878 893 1955 secuti,
940 1856 1269 1942 moventur
1312 1876 1702 1940 omnifariam
1741 1874 2077 1951 liberrime,
2127 1886 2190 1938 et
2226 1880 2433 1938 motus
2474 1898 2638 1954 suOS,
2679 1879 2865 1947 etiam
2929 1942 2940 1954 „

290 1997 511 2048 contra
554 2008 805 2049 cursum
853 1985 1245 2070 planetarum
1288 1982 1629 2047 diutissime
1674 1996 2060 2047 conservant.
2149 1984 2246 2068 ‘(¹)⁶
2293 1983 2507 2047 Fallor
2557 1985 2624 2046 ni
2667 2008 2864 2073 genus

287 2093 683 2177 planetarum
726 2094 867 2170 sint,
916 2105 979 2156 et
1018 2104 1195 2157 motu
1232 2092 1631 2176 perpetuoin
1662 2093 1880 2155 orbem
1909 2092 2186 2155 redeant.
2233 2130 2238 2133 -
2278 2090 2445 2155 Nam
2475 2093 2644 2177 quod
2670 2094 2866 2178 scrip·-

288 2212 459 2265 tores
490 2202 679 2287 aliqui
720 2212 999 2265 meteora
1027 2222 1161 2264 esse
1190 2201 1425 2278 volunt,
1470 2211 1908 2287 argumentum
1939 2224 1976 2264 a
2005 2202 2282 2284 capitum
2324 2202 2637 2284 perpetuis
2665 2214 2868 2266 mutae

287 2310 565 2398 tionilgus
616 2310 933 2387 ducenteS,
985 2309 1393 2373 fundamento
1447 2330 1659 2373 carere
1705 2308 1970 2372 videtur.
2084 2308 2178 2393 (¹¹¹)
2221 2309 2446 2392 Capita
2463 2320 2868 2374 ocometarum

288 2418 723 2502 atmosphaeris
751 2418 1105 2505 ingentibus
1137 2418 1508 2505 cinguntur3
1555 2430 1618 2482 et
1644 2418 2080 2503 atmosphaerae
2121 2417 2362 2482 inferne
2390 2419 2705 2483 densiores
2737 2442 2871 2483 esse
2933 2442 2940 2459 ·

291 2524 544 2589 debent.
636 2524 829 2589 Unde
856 2526 1053 2589 nubes
1083 2537 1245 2602 sunt,
1278 2548 1404 2588 non
1433 2525 1572 2611 ipsa
1598 2492 1981 2589 cometemm
2011 2548 2300 2611 corpora,
2325 2526 2392 2588 in
2415 2526 2637 2612 quibus
2662 2537 2868 2591 muta·-

287 2632 489 2695 tiones
532 2631 656 2695 illae
698 2632 999 2695 visuntur.
1092 2632 1197 2697 Sic
1241 2631 1443 2696 Terra
1485 2632 1539 2695 si
1580 2654 1617 2695 e
1655 2631 1921 2716 planetis
1966 2642 2366 2715 spectaretur,
2413 2632 2554 2696 luce
2598 2632 2864 2704 nubium

290 2764 548 2805 suarum
587 2741 1001 2826 proculdubio
1034 2741 1415 2825 splenderet,
1449 2751 1516 2803 et
1543 2762 1770 2823 corpus
1800 2740 2051 2803 firmum
2081 2740 2196 2803 sub
2225 2739 2494 2802 nubibus
2531 2738 2728 2825 prope
2763 2740 2866 2803 de-
2943 2784 2949 2791 ·

288 2849 619 2912 litesceret.
711 2849 816 2911 Sic
846 2847 1098 2935 cingula
1136 2847 1319 2911 Jovis·
1336 2846 1403 2909 in
1432 2846 1704 2910 nubibus
1732 2844 2000 2930 planetae
2029 2845 2194 2909 illius
2225 2844 2490 2907 formata
2519 2858 2680 2922 sunt,
2733 2868 2872 2931 quae

292 2962 485 3024 situm
528 2969 773 3021 mutant
815 2958 977 3020 inter
1022 2980 1109 3035 se,
1152 2969 1217 3021 et
1258 2956 1511 3019 firmum
1552 2956 1595 3019 J
1596 2955 1728 3018 ovis
1743 2974 1970 3041 corpus
2011 2977 2126 3039 per
2151 2954 2349 3017 nubes
2391 2953 2528 3017 illas
2546 2954 2740 3019 ·diffici
2751 2954 2870 3019 lius

293 3064 589 3129 cernitur.
678 3062 765 3127 Et
806 3062 1005 3127 multo
1046 3062 1243 3149 magis
1284 3083 1549 3147 corpora
1578 3080 1963 3124 cometarum
1995 3060 2112 3125 sub
2142 3058 2569 3145 atmosphaeris
2611 3071 2674 3125 et
2709 3083 2754 3146 p
2768 3082 2873 3125 ro-

287 3172 684 3237 fundioribus
713 3182 777 3234 et
804 3170 1207 3235 crassioribus
1237 3167 1535 3234 abscondi
1563 3166 1812 3233 debent.

360 3412 432 3476 (Β)
474 3416 501 3443 ³*
536 3415 668 3461 Hinc
704 3415 843 3461 etiam
876 3414 1177 3479 manffesmm
1214 3424 1293 3463 ese.
1360 3414 1543 3461 Clariss.

241 3495 257 3509 -·
295 3476 523 3523 Cassinus
552 3477 600 3521 in
638 3478 773 3524 Mon.
805 3477 951 3525 Paris.
980 3494 1055 3525 an.
1088 3482 1224 3526 1731.
1260 3479 1551 3539 retrogradus
1612 3475 1829 3525 contrarii
1861 3484 2146 3522 cometarum
2176 3484 2334 3521 motus
2362 3472 2564 3520 maxime
2594 3475 2778 3531 perturb
2787 3480 2868 3516 en:

1612 3427 1736 3461 cesse
1772 3410 1954 3460 videtur
1987 3420 2058 3477 ut.
2079 3408 2370 3471 rapidissimo
2401 3410 2627 3457 vorticum
2661 3413 2870 3456 torrente
2957 3429 2960 3432 ·

292 3550 580 3585 cometarum
602 3551 759 3587 motus
779 3542 839 3588 ad
859 3541 1058 3589 directos
1081 3541 1321 3603 ingeniose
1341 3541 1542 3589 reduxit.

295 3604 577 3651 observatos
596 3603 914 3663 plurimorum·
926 3614 1209 3651 cometarum
1225 3616 1383 3653 motus
1403 3614 1548 3653 retro-

290 3666 463 3728 gradus
498 3682 647 3714 meras
680 3683 779 3719 esse
803 3670 1091 3729 apparentiae.
1122 3668 1419 3730 conjectatur,
1452 3684 1550 3714 non

290 3746 429 3777 secus
470 3746 525 3777 ac
567 3730 770 3779 directus
816 3732 1107 3792 planetarum
1149 3731 1550 3780 circumsolarium

290 3802 454 3839 motus
501 3803 690 3854 apparet
746 3794 998 3857 aliquande
1049 3795 1358 3857 retrogradus.
1453 3795 1547 3843 Sed

288 3857 505 3918 quamvis
525 3857 807 3905 celeberrimi
829 3860 1025 3921 hujusce
1044 3860 1296 3906 astronomi
1309 3858 1547 3922 judicium

289 3920 497 3967 maxime
533 3920 817 3975 veneremur,
864 3922 1116 3969 nonnullos
1150 3932 1306 3970 tamen
1330 3932 1546 3971 ‘cometas

290 3995 428 4031 motu
456 3984 564 4031 vere
596 3985 865 4047 retrogrado
900 3984 1062 4033 contre
1098 3986 1262 4033 seriem
1304 3987 1545 4047 signorum

289 4059 486 4095 cursum
522 4048 723 4097 tenuisse
757 4049 1039 4097 conabimur·
1060 4049 1313 4107 ostendere,
1346 4051 1429 4098 ubi
1460 4050 1549 4097 hec

292 4110 355 4157 de
375 4118 585 4171 replum
604 4112 788 4159 dicendi
813 4113 945 4161 locus
966 4112 1165 4170 dabitur,
1198 4124 1439 4175 postquam
1460 4113 1550 4161 sci-

290 4172 405 4220 licet
426 4175 750 4223 tradiderimus
764 4185 979 4224 motuum
1000 4187 1284 4225 cometarum
1298 4178 1542 4225 elementa.

298 4237 530 4298 Obliquas
560 4254 659 4288 esse
686 4255 1023 4303 nonnunquam
1054 4251 1343 4288 cometarum
1368 4241 1465 4287 vias
1500 4250 1548 4287 et

292 4303 453 4347 cursui
483 4302 773 4361 planetarum
804 4306 1054 4353 contrarias
1074 4304 1207 4351 fateri
1238 4320 1336 4351 non
1363 4304 1545 4353 dubita-

290 4374 407 4411 runt
441 4364 632 4428 quidam
672 4367 940 4415 Cartesiani.
1028 4367 1210 4416 Verum
1242 4366 1339 4429 quii.
1370 4369 1547 4416 ratione

291 4428 463 4475 diversi
482 4429 552 4475 illi
576 4442 860 4477 cometarum
876 4440 1033 4479 motus
1048 4448 1158 4479 cum
1174 4432 1421 4481 vorticibus
1436 4446 1547 4479 con-

290 4492 441 4539 ciliari
480 4494 669 4551 possint,
708 4494 898 4541 difficile
941 4496 1233 4558 intelligitur,
1278 4495 1387 4543 cem
1410 4498 1549 4542 enim

289 4564 489 4603 cometae
514 4556 563 4603 in
585 4558 797 4621 regiones
827 4558 1122 4620 planetarum
1144 4559 1439 4616 descendant,
1465 4574 1549 4607 ne-

1610 3550 1706 3598 tur,
1751 3537 1938 3601 cit6que
1980 3538 2289 3595 destruantur,
2342 3552 2397 3584 ac
2439 3537 2629 3584 tandem
2671 3542 2868 3583 cometa

1612 3604 1809 3665 hujusce
1840 3602 2055 3649 torrentis
2087 3602 2132 3647 vi
2158 3601 2411 3661 rapiantur.
2481 3602 2550 3647 At
2580 3597 2760 3646 summe
2794 3612 2867 3643 re-

1615 3668 1801 3729 gulares
1821 3680 1920 3714 este
1942 3674 2227 3712 cometarum
2241 3673 2409 3721 motus,
2429 3672 2476 3709 et
2495 3661 2654 3710 contre
2675 3676 2864 3709 cursum

1612 3726 2174 3791 planetarumjdiutissime
2186 3728 2450 3780 conservari,
2463 3726 2699 3773 nonnullis
2709 3741 2865 3774 come-

1616 3804 1775 3841 tarum
1797 3793 2020 3854 exemplis
2044 3791 2260 3852 deinceps
2279 3792 2466 3852 patebit.

1675 3898 1736 3963 (¹)
1757 3900 1783 3930 θ
1803 3900 1980 3951 Fauor,
1999 3898 2054 3944 ni
2069 3912 2218 3958 genus
2230 3894 2530 3957 plumarum
2544 3897 2652 3944 sint.
2703 3893 2866 3949 Quem

1616 3962 1834 4025 gravibus
1880 3960 2200 4010 fundamentis
2251 3959 2425 4007 nitatur
2477 3960 2577 4007 haec
2621 3959 2864 4015 sententia,

1610 4026 1911 4073 manifestum
1951 4023 2039 4070 erit
2088 4020 2251 4084 postee
2291 4037 2350 4069 ex
2403 4023 2541 4070 variis
2580 4031 2866 4070 cometarum

1611 4088 1943 4151 phaenomenis.

1676 4177 1761 4243 (ω)
1786 4180 1814 4208 0
1841 4180 2003 4237 Capita
2024 4186 2306 4225 cometarum
2327 4173 2642 4234 ntmosphaeris
2661 4172 2864 4235 ingenti-

1609 4244 1702 4289 bus
1717 4240 1846 4303 cingi
1860 4240 1994 4287 variis
2009 4240 2294 4302 argumentis
2309 4239 2608 4298 imposterum
2623 4236 2867 4283 confirmat

1612 4306 1887 4354 Newtonus.
1959 4304 2194 4351 Caeterum
2228 4303 2278 4348 in
2310 4302 2420 4361 Ipsis
2451 4310 2739 4349 cometarum
2762 4315 2862 4345 cor-

1613 4369 1805 4428 poribus
1837 4382 1935 4415 non
1967 4367 2066 4413 fieri
2098 4375 2344 4427 perpetuas
2370 4364 2649 4413 mutationes
2679 4364 2782 4409 illas
2813 4366 2865 4409 in

1616 4432 1817 4479 decursu
1838 4431 2068 4479 constabit
2098 4429 2462 4490 independenter
2480 4425 2675 4475 omnine
2697 4430 2756 4474 ab
2782 4426 2865 4473 illa

1614 4495 1834 4553 opinione
1875 4510 1980 4559 quae
2035 4494 2228 4543 cometis
2285 4492 2497 4556 ingentes
2537 4492 2867 4552 atmosphaeras

1610 4559 1788 4607 tribuit.
2275 4562 2280 4567 ’
