3384 5509
549 457 631 514 58
1149 437 1829 508 PHILOSOPHIAE
1872 439 2421 506 NATURALIS
2464 441 2609 519 [Dn
2643 439 2889 544 Mimo.
2926 439 3111 508 Svsr.

533 613 948 681 inclinationis
979 614 1241 677 variatio
1266 627 1548 698 tempore
1577 612 1811 676 mensis
1840 611 2005 675 illius
2034 611 2197 677 foret
2226 611 2309 676 ad
2340 611 2479 677 33⁶.
2514 611 2669 675 lom.
2704 609 2870 687 38¹2
2918 611 2999 694 (Ρ)
3044 621 3113 674 ut

534 734 942 812 aggxegatum
965 722 1244 785 omnium
1266 743 1554 784 arearum
1575 721 1650 784 H
1669 743 1717 804 p
1740 719 1821 784 M
1838 719 1907 798 h,
1932 720 1999 782 in
2020 718 2405 784 revolutione
2427 717 2643 803 puncti
2665 739 2711 802 p
2732 719 3105 805 genitarum,

535 845 602 898 et
643 832 760 895 sub
803 830 995 918 signis
1037 831 1306 916 propriis
1343 842 1409 909 ÷
1449 841 1512 895 et
1536 867 1630 882 ·--
1653 831 2149 917 conjunctarum,
2182 829 2444 896 ductum
2484 830 2555 894 in
2596 830 2661 895 A
2691 829 2745 892 Z
2779 844 2832 899 ><
2868 829 2934 894 T
2964 829 3019 894 Z
3052 845 3101 898 Χ

463 2934 471 2944 .
517 2847 669 3014 {jc-'4
697 2885 780 2950 ad
811 2884 891 2950 M
919 2907 964 2969 p
999 2901 1050 2956 Χ
1089 2885 1149 2950 Α
1183 2884 1246 2949 Τ
1274 2885 1416 2950 cub.
1465 2885 1543 2969 (q)
1575 2885 1642 2948 id
1671 2896 1786 2964 est,
1832 2899 1905 2951 ut
1934 2887 2201 2953 circulus
2230 2903 2397 2956 totus
2429 2889 2497 2968 Q
2526 2893 2590 2957 A
2620 2917 2663 2980 q
2690 2918 2729 2959 a
2774 2895 2998 2962 ductus
3024 2898 3085 2960 in

517 3077 580 3140 A
612 3075 665 3140 Z
701 3093 752 3146 ><
789 3075 853 3141 T
876 3075 929 3140 Z
963 3090 1016 3145 ><
1055 3033 1200 3204 ΙῙί-ἓ
1243 3043 1325 3138 ad
1358 3073 1438 3140 M
1465 3097 1508 3161 p
1544 3091 1596 3146 ><
1635 3077 1697 3142 Α
1728 3080 1793 3143 Τ
1822 3079 1962 3143 cub.
2018 3081 2091 3165 (²)
2138 3041 2262 3145 lioc
2308 3096 2420 3163 est,
2474 3096 2545 3149 ut
2595 3084 3087 3156 circumferentia

517 3229 2723 3399 QAqaductajnAz'xsz{gaMMprTqum

577 3499 648 3564 (Ρ)
689 3503 716 3534 ⁹
753 3503 816 3550 Ut
836 3510 1134 3564 aggregatum
1153 3505 1364 3552 omnium
1385 3518 1600 3571 erearum
1641 3505 1703 3550 H
1726 3519 1763 3564 p
1895 3503 2061 3566 Itaque
2090 3521 2253 3554 omnes
2274 3523 2393 3554 areae
2428 3509 2483 3556 H
2503 3524 2537 3569 p
2560 3509 2619 3556 M
2641 3511 2673 3556 h
2707 3511 2795 3558 sub
2816 3511 2964 3575 signis
2984 3528 3086 3573 pm-

511 3568 574 3612 M
605 3569 636 3612 Ιι
673 3569 755 3613 sub
792 3569 931 3628 signis
959 3569 1160 3629 propriis
1197 3568 1559 3630 conjunctarum
1591 3567 1767 3614 scilicet
1828 3567 1941 3628 priis
1957 3571 2219 3632 conjunctae
2236 3572 2445 3620 efficiunt
2460 3573 2690 3622 circulum
2706 3583 2859 3622 totum
2876 3578 2983 3631 QA
2997 3593 3079 3640 qa.

509 3638 648 3688 prout
669 3631 792 3676 linea
817 3631 874 3677 M
901 3631 954 3676 H
977 3633 1180 3678 sumitur
1198 3629 1250 3678 iu
1271 3631 1484 3678 eamdem
1504 3639 1682 3690 partem
1712 3645 1769 3677 ac
1901 3633 2138 3680 Caeterum
2175 3637 2513 3684 observandum
2551 3638 2853 3686 variationem
2896 3641 3086 3702 inclina-

511 3693 636 3740 linea
659 3695 718 3740 M
739 3694 789 3740 K
811 3703 894 3741 aut
915 3694 966 3741 in
987 3706 1166 3754 partem
1181 3695 1466 3755 oppositam3
1488 3695 1642 3755 priore
1655 3709 1769 3744 casu
1831 3695 1973 3744 tionis
2014 3713 2113 3746 esne
2149 3699 2397 3762 positivam
2437 3710 2523 3750 aut
2564 3704 2845 3766 negativam,
2888 3705 2980 3752 hoc
3021 3713 3089 3752 est
3180 3706 3187 3714 '

510 3771 616 3804 area
651 3757 704 3804 H
727 3773 760 3817 p
783 3759 839 3804 M
863 3759 895 3804 h
926 3760 1062 3820 signo
1083 3758 1356 3806 affirmativo
1377 3767 1449 3805 est

509 3821 767 3878 afficienda,
791 3823 1043 3881 posteriore
1067 3821 1295 3885 negativo.

573 3884 642 3948 (q)
689 3889 715 3916 ¹*
755 3890 816 3936 Id
857 3895 938 3943 est,
980 3897 1034 3936 ut
1076 3890 1279 3935 circulus
1322 3894 1444 3936 totus

513 3951 554 4002 Q
575 3952 624 3997 A
643 3967 672 4012 q
694 3967 739 4006 a,
773 3951 859 3996 «Sec.
933 3949 1108 4012 Liquet
1127 3965 1183 3996 ex
1205 3950 1306 4011 ipsa
1326 3967 1438 3998 con-

503 4013 770 4070 structione,
819 4015 944 4076 quod
980 4015 1097 4060 dum
1133 4013 1365 4075 punctum
1407 4030 1440 4076 p

503 4087 719 4124 movetur
761 4078 820 4125 ab
867 4077 909 4124 F
950 4093 1100 4140 usque
1133 4078 1195 4125 ad
1231 4095 1277 4141 q,
1321 4093 1441 4126 ποτε

505 4141 561 4188 Η
585 4157 616 4202 p
644 4141 701 4189 M
729 4142 784 4190 H
816 4143 1110 4190 constituunt
1137 4158 1294 4191 aream
1315 4143 1440 4204 posi·-

498 4205 642 4252 tivam
675 4206 1134 4268 FAnqrfTF‚
1169 4206 1285 4254 dum
1316 4223 1374 4254 ex
1405 4223 1440 4271 q

499 4269 562 4316 nd
581 4270 609 4316 f
623 4270 842 4330 procedit,
859 4287 980 4320 areae
1001 4272 1053 4318 H
1077 4287 1109 4332 p
1133 4272 1192 4318 M
1215 4272 1247 4317 h
1267 4271 1438 4319 consti.

499 4341 642 4380 tuunt
653 4350 808 4382 aream
823 4335 1088 4398 negativam
1109 4351 1140 4398 q
1153 4351 1177 4381 r
1191 4336 1226 4390 f,
1249 4351 1356 4399 quae
1377 4351 1438 4384 ex

495 4397 640 4456 priori
661 4399 866 4448 detracta
895 4399 1116 4464 relinquit
1145 4400 1438 4449 semi-circu-

497 4461 604 4508 lum
631 4463 670 4510 F
691 4477 722 4508 n
745 4463 780 4508 f.

565 4525 710 4578 Quod
731 4526 849 4574 dum
865 4537 1094 4587 punctum
1111 4545 1142 4591 p
1159 4527 1368 4591 procedit
1383 4544 1441 4577 ex
2326 4587 2331 4594 Ι

492 4589 522 4634 f
535 4588 595 4635 ad
621 4592 682 4645 Q.
708 4606 826 4636 areae
853 4593 905 4638 H
930 4609 960 4652 p
987 4595 1042 4638 M
1066 4595 1100 4638 h
1120 4595 1333 4642 efficiunt
1343 4609 1500 4641 aream
1511 4594 1757 4654 positivam
1821 4612 2025 4647 crescere
2056 4608 2139 4648 aut
2160 4599 2423 4648 decrescere
2454 4599 2716 4649 secundum
2746 4602 2881 4666 signa
2894 4599 3087 4666 ‘quami-

493 4653 565 4700 fa
589 4655 639 4700 N
666 4655 716 4709 Q,
741 4655 788 4701 Β.
814 4656 854 4702 F
879 4657 924 4702 T
945 4656 972 4702 f
997 4665 1044 4702 et
1069 4657 1186 4704 dum
1207 4673 1265 4705 ex
1303 4660 1355 4713 Q
1383 4658 1444 4704 ad
1469 4659 1510 4706 F
1529 4661 1757 4719 procedit,
1821 4663 1931 4710 tatis
1954 4668 2003 4711 A
2029 4665 2068 4712 Z
2093 4669 2145 4722 ><
2176 4665 2221 4712 Τ
2245 4667 2284 4714 Ζ
2317 4665 2377 4714 de
2408 4667 2582 4730 quibua
2612 4666 2663 4713 in
2690 4667 2847 4715 Corol.
2874 4665 3090 4728 proximo

493 4717 706 4764 efficiunt
727 4733 884 4766 aream
904 4721 1170 4782 negativam
1197 4723 1246 4777 Q
1271 4723 1320 4769 R.
1345 4723 1386 4770 F
1407 4737 1514 4782 quae
1536 4738 1594 4770 ex
1614 4725 1761 4787 priori
1824 4724 2051 4776 dicemus.
2474 4731 2481 4738 '

489 4781 700 4830 detracta
719 4782 942 4846 relinquit
961 4783 1330 4834 semi-circulum
1351 4786 1380 4832 f
1397 4786 1447 4834 N
1477 4787 1529 4835 F.
1889 4791 1956 4855 (¹)
1982 4796 2009 4822 '⁸
2040 4789 2104 4843 Ut'
2124 4795 2330 4843 circulus
2350 4803 2471 4844 totus
2500 4797 2540 4850 Q
2556 4797 2601 4844 A
2622 4813 2651 4860 q
2672 4813 2703 4844 a
2724 4799 2895 4846 ductus
2911 4799 2963 4846 in
2981 4795 3027 4842 A
3045 4795 3087 4842 Z
