3384 5509
485 443 610 502 186
1093 427 1783 500 PHILOSOPHIAE
1826 423 2378 504 NATURALIS
2436 421 2582 505 [Da
2604 421 2855 488 Mum).
2882 422 3070 490 Srs‘r.

475 608 584 694 qai
609 627 686 670 ex
711 601 788 668 ed
816 604 1007 666 exivit
1033 604 1212 668 valde
1239 603 1440 666 clarus
1465 610 1528 664 et
1555 599 1733 682 quasi
1759 599 1972 682 ingens
2000 595 2169 671 trabs
2196 598 2285 660 ad
2308 597 2596 660 orientem
2626 603 2687 656 et
2728 593 3073 678 aquilonem

474 712 778 788 tendebat,
830 722 903 774 ut
920 781 926 786 ,
945 707 1137 774 habet
1187 708 1374 772 etiam
1421 705 1756 770 Hevelius*
1780 727 1865 770 ex
1888 751 1896 760 ,
1918 702 2210 768 Simeone
2256 701 2675 768 Dunelmensi
2722 699 3073 766 MonachO.

477 817 797 902 Apparuit
823 815 1006 880 initio
1032 814 1266 881 mensis
1295 811 1644 890 Februarii,
1675 833 1753 876 ae
1780 811 2073 896 deinceps
2102 811 2271 876 circa
2292 828 2638 894 vesperam,
2671 807 2753 873 ad
2780 829 3075 873 occasum

489 924 657 992 Solis
698 922 1065 990 brumalem.
1155 919 1316 986 Inde
1360 917 1512 986 vero
1540 931 1606 983 et
1633 941 1717 984 ex
1745 920 1869 986 situ
1896 917 2119 986 oau'dae
2148 916 2461 1004 colligitur
2490 929 2679 1002 caput
2706 915 2897 982 fuisse
2939 915 3075 982 Soli

477 1030 774 1097 vicinum.
884 1029 947 1092 A
975 1030 1130 1104 Sole,
1163 1027 1367 1114 inquit
1397 1025 1747 1092 Matthaeus
1782 1025 2167 1104 ParisiensiS,
2200 1025 2470 1090 distabat
2498 1025 2677 1108 quasi
2702 1023 2903 1088 cubito
2928 1044 3071 1101 ano,

476 1141 556 1206 ab
593 1139 749 1204 Ιιονά
791 1137 980 1208 tertia
1026 1134 1282 1221 (rectius
1313 1135 1516 1216 sexta)
1561 1157 1743 1219 usque
1771 1137 1859 1200 ad
1884 1115 2099 1204 heram
2124 1155 2345 1198 nonam
2371 1135 2615 1198 radium
2646 1154 2721 1196 ex
2746 1153 2809 1198 se
2835 1133 3077 1216 longum

397 1276 405 1282 ·
475 1250 767 1315 emittens.
831 1245 1008 1314 Talis
1037 1247 1226 1312 etiam
1255 1257 1390 1309 erat
1417 1231 1889 1310 ardentissimus
1918 1243 2022 1308 ille
2050 1256 2294 1308 cometa
2320 1242 2403 1307 ab
2434 1240 2775 1308 Aristotele
2798 1241 3076 1326 descrip-

415 1369 420 1374 '
475 1368 578 1424 tus
609 1326 755 1422 Lib.
790 1355 844 1420 Ι.
877 1353 1154 1420 Meteor.
1185 1352 1328 1430 VL,
1359 1352 1524 1437 cujus
1551 1361 1736 1435 caput
1764 1355 1974 1455 primo
2002 1352 2105 1415 die
2132 1371 2253 1416 non
2284 1358 2651 1432 conspectum
2678 1357 2790 1425 est,
2819 1370 2889 1411 eo
2916 1352 3078 1432 quod

421 1451 450 1478 ⁶
473 1477 620 1531 ante
667 1467 861 1531 Solem
907 1467 1002 1530 vel
1045 1466 1257 1530 saltem
1307 1463 1413 1528 sub
1461 1464 1664 1528 radiis
1708 1462 2007 1528 solaribus
2053 1461 2381 1538 occidisset,
2434 1467 2711 1542 sequente
2770 1454 2910 1520 vero
2971 1459 3075 1524 die

479 1585 770 1661 quantum
799 1577 1012 1657 potuit
1053 1575 1241 1638 visum
1285 1582 1394 1638 est.
1483 1572 1650 1636 Nam
1679 1593 1858 1656 quam
1886 1571 2138 1636 minima
2140 1571 2305 1652 fieri
2320 1575 2524 1651 potest
2553 1568 2855 1630 distantia
2883 1567 3075 1632 Solem

484 1686 761 1768 reliquit,
791 1692 852 1746 et
878 1704 1014 1748 moa
1042 1682 1329 1748 occubuit.
1395 1681 1489 1746 Ob
1516 1683 1766 1748 nimium
1798 1683 2075 1748 ardorem
2108 1678 2353 1765 (caudae
2382 1677 2637 1756 scilicet)
2668 1679 2933 1745 nondum
2960 1698 3075 1758 ap-

467 1791 735 1875 parebat
776 1791 1000 1872 capitis
1039 1810 1282 1872 sparsus
1325 1789 1506 1874 igniS,
1545 1791 1653 1855 sed
1681 1789 2047 1871 procedente
2076 1797 2338 1870 tempore
2378 1785 2493 1871 (ait
2522 1782 2915 1863 Aristoteles)
2946 1781 3077 1848 ciam

479 1899 730 1986 (cauda)
761 1899 904 1983 jam
947 1901 1144 1964 mimis
1165 1899 1507 1986 flagraret,
1559 1899 1808 1963 reddita
1858 1907 1945 1962 est
1979 1895 2218 1980 (capiti)
2263 1905 2503 1961 cometae
2540 1916 2651 1958 sua
2668 1893 2897 1978 facies.
2984 1896 3078 1958 Et

476 2012 848 2092 ,splendorem
870 2031 1056 2073 ssuum
1098 2011 1186 2072 ad
1225 2011 1470 2073 tertiam
1513 2029 1698 2092 usque
1724 2009 1862 2072 coeli
1878 2017 2127 2090 partem
2172 2004 2267 2090 (id
2294 2015 2405 2084 est,
2438 2004 2521 2068 ad
2551 2005 2730 2086 60⁸¹.)
2783 2005 3071 2068 eatendit.

481 2119 802 2202 Apparuit
845 2128 1042 2182 autem
1083 2127 1350 2202 tempore
1373 2118 1637 2202 hyberno
1683 2122 1811 2202 (an.
1844 2124 1911 2180 4.
1942 2114 2201 2208 Oly‘mp.
2236 2115 2409 2195 101.)
2452 2125 2513 2178 et
2546 2118 2873 2178 ascendens
2900 2136 3081 2197 usque

477 2230 565 2290 ad
604 2229 905 2311 cingulum
950 2227 1202 2290 Orionis
1245 2228 1336 2290 ibi
1379 2229 1648 2292 evannit.
1742 2227 2006 2291 Cometa
2056 2225 2160 2290 ille
2206 2226 2355 2293 anni
2412 2233 2599 2304 1618,
2648 2226 2756 2312 qui
2803 2249 2839 2288 e
2888 2224 3081 2289 radiis

481 2333 790 2398 solaribus
832 2332 1308 2408 caudatissimus
1351 2336 1623 2412 emersit,
1674 2333 1885 2400 stellas
1926 2333 2150 2418 primae
2192 2333 2641 2422 magnitudinis
2684 2355 2937 2420 aequare
2978 2333 3082 2396 vel

483 2441 679 2528 paulo
709 2465 1014 2528 superare
1035 2444 1382 2522 videbatur,
1429 2445 1540 2508 sed
1583 2445 1855 2529 majores
1893 2465 2241 2528 apparuere
2273 2457 2535 2507 cometae
2564 2463 2695 2505 non
2720 2443 2926 2526 pauci,
2974 2441 3085 2528 qui

485 2553 718 2617 caudas
745 2553 1064 2618 breviores
1093 2553 1389 2617 habuere.
1480 2553 1745 2618 Horum
1774 2551 1967 2639 aliqui
1994 2552 2239 2631 Jovem‚
2284 2552 2391 2616 alii
2420 2551 2735 2616 Venerem
2762 2550 2863 2616 vel
2892 2551 3083 2614 etiam

487 2659 738 2724 Lunam
767 2657 1048 2745 aequasse
1085 2659 1437 2723 traduntur.
3119 2651 3127 2656 ”

573 2763 652 2848 (¹²)
677 2765 978 2828 Diximus
1008 2777 1281 2830 cometas
1309 2787 1448 2829 esse
1475 2786 1678 2852 genus
1706 2765 2105 2870 planetarpm
2132 2765 2201 2830 in
2228 2765 2488 2830 orbibus
2516 2764 2701 2830 valde
2724 2763 3084 2830 eccentricis

488 2871 656 2935 circa
700 2871 912 2935 Solem
954 2870 1423 2936 revolventium.
1534 2871 1622 2937 Et
1663 2872 2197 2958 quemadmodum
2238 2895 2275 2938 e
2315 2871 2585 2958 planetis
2629 2893 2761 2936 non
2804 2871 3086 2935 caudatis

483 2985 758 3050 minores
803 3007 942 3049 esse
973 2984 1194 3061 solent,
1241 2985 1352 3070 qui
1389 2984 1456 3047 in
1485 2985 1743 3050 orbibus
1772 2984 2123 3050 minoribus
2153 2996 2217 3050 et
2250 2985 2381 3049 Soli
2410 2983 2813 3068 propioribus
2854 3004 3087 3068 gyran-

482 3105 606 3173 tur,
653 3094 744 3158 sic
788 3093 976 3158 etiam
1007 3106 1302 3170 cometaS,
1351 3095 1458 3181 qui
1499 3095 1568 3157 in
1595 3094 1917 3180 periheliis
1944 3095 2078 3158 suis
2102 3093 2190 3158 ‘ad
2218 3095 2432 3160 Solem
2460 3091 2725 3180 propius
2755 3092 3081 3170 accedunt,

485 3213 556 3266 ut
582 3201 926 3286 plurimum
955 3202 1228 3266 minores
1259 3225 1416 3280 esse,
1449 3223 1532 3266 ne
1565 3202 1779 3268 Solem
1806 3205 2179 3268 attractione
2209 3203 2321 3268 sua
2350 3205 2537 3267 nimis
2567 3203 2823 3289 agitent,
2856 3200 3086 3266 rationi

485 3320 974 3374 consentaneum
1017 3309 1284 3374 videtur.
1375 3309 1442 3394 (¹)
1493 3310 1767 3375 Orbium
1810 3310 1961 3376 vero
2002 3323 2385 3376 transversas
2426 3311 2766 3374 diametros
2798 3319 2861 3371 et
2902 3329 3083 3370 revo-

483 3419 795 3484 lutionum
834 3432 1122 3504 tempora
1161 3419 1515 3505 periodica,'
1547 3443 1630 3486 ex
1659 3420 1993 3486 collatione
2024 3434 2407 3486 cometarum
2448 3421 2517 3484 i1i
2560 3419 2781 3484 iisdem
2820 3417 3082 3482 orbibus

491 3685 496 3690 “
553 3673 626 3739 (¹¹)
655 3677 714 3724 1⁷
720 3679 762 3722 1.
789 3679 816 3707 2*
841 3678 1061 3726 Diximus
1082 3685 1281 3726 cometas
1301 3677 1405 3726 esse'
1418 3693 1566 3739 genus
1590 3681 1755 3740 plane·
1820 3678 2145 3728 animadvertit
2176 3679 2350 3728 clariss.
2392 3680 2617 3728 cassinus
2659 3679 2711 3725 ln
2750 3679 2885 3726 Mon.
2930 3677 3078 3724 Paris.

487 3749 666 3796 tarum,
687 3740 830 3801 idque
851 3741 1132 3802 gravissimis
1153 3742 1409 3790 rationibus
1430 3743 1749 3792 confirmatur.
1826 3749 1964 3793 1699·
1990 3755 2218 3792 cometam
2251 3745 2441 3792 diversis
2472 3744 2759 3804 temporibus
2788 3746 3085 3790 observatum

493 3801 606 3850 Hac
643 3804 770 3851 enim
807 3805 928 3851 sacta
971 3805 1214 3865 hypothesi
1258 3807 1628 3869 computatisque
1670 3823 1755 3868 per
1817 3807 2019 3870 ideoque
2051 3825 2135 3869 pro
2172 3808 2355 3856 duobus
2392 3809 2584 3855 cometis
2614 3817 2904 3867 usurpatum,
2928 3821 3087 3854 unum

489 3868 736 3915 methodos
775 3869 1087 3928 praecedentes
1133 3879 1422 3917 cometarum
1466 3873 1751 3933 trajectoriis,
1818 3873 2119 3935 eundemque
2134 3888 2234 3920 esse
2255 3888 2403 3932 posse,
2418 3873 2527 3919 licet
2542 3887 2637 3918 non
2655 3871 2933 3918 conveniant
2953 3871 3080 3916 inter

489 3932 764 3995 hujusmodi
794 3931 1065 3996 trajectoriae
1089 3949 1270 3994 semper
1291 3950 1400 3982 cum
1434 3936 1754 3995 phaenomenis
1819 3951 1868 3982 se
1890 3937 2051 3984 omniu
2072 3946 2289 3984 motuum
2314 3937 2575 3994 elementa3
2608 3935 2708 3982 fieri
2730 3936 2902 3984 scilicet
2926 3943 3091 3996 potest

490 4007 762 4058 congruunt
781 3997 1132 4060 quamproxime
1163 3999 1331 4046 clariss·
1364 3999 1586 4046 Haileius
1607 4000 1757 4060 suspi-
1823 4010 1879 4048 ut
1921 4017 2048 4048 unus
2090 4001 2309 4064 idemque
2343 4013 2525 4048 cometa
2562 4001 2638 4047 bis
2680 4003 2946 4047 observatus
2988 4011 3091 4044 non

487 4069 624 4108 catur
653 4071 885 4108 cometam
917 4077 994 4108 an.
1026 4067 1164 4110 1531.
1193 4065 1251 4109 ab
1288 4065 1511 4124 Appiano
1543 4067 1756 4112 observa·
1821 4077 1945 4112 secet
1975 4065 2233 4126 eclipticam
2256 4069 2343 4112 sub
2365 4069 2529 4112 eodem
2551 4065 2727 4126 angulo
2760 4073 2807 4110 et
2836 4066 2887 4110 in
2919 4062 3089 4109 iisdem

491 4130 610 4182 tum,
652 4125 857 4172 eundem
893 4125 1040 4172 fuisse
1074 4141 1184 4173 cum
1218 4127 1301 4174 illo
1338 4129 1418 4190 qui
1453 4144 1580 4176 anno
1615 4133 1752 4176 1607.
1820 4129 1951 4188 locis,
1989 4140 2044 4178 ut
2066 4139 2259 4176 cometae
2290 4129 2433 4190 hujus
2454 4128 2671 4176 velocitas
2693 4129 2740 4173 in
2762 4128 2967 4190 perigaeo
2989 4141 3089 4172 non

491 4187 752 4250 descriptus
783 4199 854 4236 est
885 4205 914 4236 a
948 4191 1157 4252 Keplero
1185 4199 1232 4238 et
1267 4191 1676 4254 Longomontano‚
1711 4202 1761 4240 et
1823 4194 1885 4241 sit
1927 4194 2105 4242 eadem.
2202 4193 2399 4242 Talibus
2438 4194 2569 4240 enim
2618 4193 2849 4240 erroribus
2890 4192 3093 4252 aliisque

492 4267 634 4316 quem
674 4253 897 4300 Halieius
933 4253 1033 4318 ipse
1067 4255 1343 4302 redeuntem
1389 4259 1644 4304 observavit
1677 4273 1753 4306 an.
1824 4258 2041 4318 plurimis
2074 4258 2216 4306 Luna
2248 4269 2317 4306 est
2348 4257 2565 4306 obnoxia.
2639 4259 2877 4305 staterum
2910 4256 3087 4302 clariss.

499 4321 640 4364 1682.
667 4318 959 4379 quadrabant
979 4319 1105 4366 enim
1130 4321 1364 4368 elementa
1379 4321 1553 4378 omnia,
1569 4322 1760 4384 solaque
1828 4323 2049 4370 Halleius
2084 4323 2333 4385 diligenter
2364 4322 2606 4382 perpensis
2645 4320 2851 4367 motibus
2894 4327 3093 4367 comete

493 4381 790 4442 periodorum
804 4383 1093 4444 inaequalitas
1105 4384 1333 4431 adversari
1351 4385 1608 4434 videbatur.
1659 4387 1757 4434 Ve-
1824 4402 1901 4434 an.
1938 4393 2075 4435 1682.
2113 4388 2257 4450 hujus
2296 4396 2490 4434 cometa>
2533 4386 2737 4433 reditum
2776 4399 2903 4432 anno
2946 4387 3089 4432 1758.

496 4443 603 4491 riam
620 4455 750 4492 tanta
771 4461 866 4492 non
883 4447 976 4494 fuit
997 4448 1287 4510 inaequalitas
1302 4449 1382 4496 illa
1401 4459 1454 4496 ut
1469 4449 1620 4497 causis
1639 4451 1759 4512 phy.
1828 4451 2043 4498 futurum
2066 4468 2163 4498 esse
2185 4451 2413 4511 praedixit.
2476 4457 2485 4468 '

497 4509 604 4556 sicis
623 4509 821 4557 adscribi
844 4525 938 4556 non
962 4512 1116 4572 possit.
1191 4514 1380 4560 Saturni
1403 4515 1530 4560 enim
1554 4525 1713 4562 motus
1732 4532 1761 4562 a
1893 4514 1957 4580 (ἱ)
1992 4521 2021 4547 *
2050 4518 2241 4566 Orbium
2263 4515 2367 4564 verb
2389 4527 2671 4562 transversas
2690 4515 2937 4562 diametros
2959 4519 3003 4560 et
3025 4528 3105 4560 re-

497 4575 676 4619 caeteris
707 4574 906 4633 planetis
929 4585 975 4622 et
1005 4576 1260 4636 praesertim
1283 4593 1314 4624 a
1332 4577 1454 4626 Jove
1481 4577 1548 4625 ita
1581 4589 1763 4638 pertur-
1837 4581 2121 4630 volutianum
2154 4589 2361 4642 tempora
2386 4581 2635 4640 periodica.
2700 4577 2825 4624 H'aec
2858 4577 2957 4624 duo
2979 4576 3105 4623 obti-

497 4636 636 4682 batur
671 4646 728 4683 ut
760 4653 844 4697 per
881 4638 1057 4700 aliquot
1088 4639 1188 4687 'dies
1209 4635 1421 4704 'integros
1452 4643 1680 4690 incertum
1708 4644 1768 4690 sit
1834 4645 1935 4690 neri
1972 4656 2170 4706 possunt
2207 4650 2291 4708 p'er
2318 4643 2597 4692 methodum
2628 4655 2762 4690 num.
2802 4647 2909 4691 1⁴00.
2956 4650 3109 4704 expo-

495 4700 644 4766 hujus
659 4701 860 4766 planetae
882 4711 1068 4766 tempus
1087 4705 1392 4766 pei-indicum.
1450 4706 1602 4756 Recte
1624 4708 1767 4756 etiam
1828 4709 1979 4758 citam.
3052 4733 3059 4740 ·
