3384 5509
318 384 549 450 Lrnnn
568 386 947 469 Tnn'rrus]
979 340 1479 455 ‘PRINCIPIA
1530 380 2274 455 MATHEMATICA.
2783 331 2898 453 18]

316 554 505 619 datur
548 578 589 619 a
636 536 969 641 superficie
1010 558 1233 623 Terrae
1276 559 1358 622 ad
1400 556 1794 623 altitudinem
1837 558 2309 624 semi-diametri
2351 559 2540 622 unius·
2573 559 2900 637 terrestris-2,

308 666 513 729 rarior
542 666 624 729 sit
652 665 841 753 quam
868 667 1041 752 apud
1068 690 1183 731 nos
1213 668 1281 731 in
1310 668 1549 734 ratione
1578 668 1770 757 longe
1797 669 2036 753 majori,
2070 690 2258 753 quam
2289 668 2472 752 spatii
2497 668 2701 733 omnis
2743 668 2905 757 infra

310 760 553 837 orbem*
582 776 837 840 Saturni
878 776 963 839 ad
1004 776 1263 863 globum
1308 776 1612 841 diametro
1655 775 1837 863 digiti
1861 776 2062 839 -unius
2105 774 2525 858 descriptum..
2620 772 2904 859 Ideoque

309 884 539 969 globus
570 885 731 949 aeris
753 886 953 949 nostri
968 886 1245 973 digitum
1254 910 1453 951 unum
1480 888 1663 963 latus,
1694 885 1768 949 ea
1793 908 1936 949 cum
1958 886 2206 950 raritate
2237 907 2425 973 quam
2444 884 2705 949 haberet
2725 885 2792 946 in
2811 884 2902 946 al-

304 990 575 1055 titudine
596 992 1065 1056 semi-diametri
1086 994 1272 1057 unius
1294 995 1621 1071 terrestriS‚
1647 992 1938 1078 impleret
1955 1014 2172 1065 omncs,
2198 992 2592 1079 planetarum
2610 992 2900 1079 regiones

306 1120 509 1186 usque
540 1102 623 1165 ad
652 1102 967 1186 sphaeram
1000 1104 1255 1167 Saturni
1281 1119 1344 1167 et
1371 1102 1573 1191 longe.
1588 1101 1772 1167 ultra.
1863 1102 2140 1170 Proinde
2169 1102 2316 1171 cum
2343 1106 2450 1167 ablr
2479 1102 2686 1167 adhuc
2713 1102 2900 1165 altior

305 1206 375 1269 in
418 1208 795 1271 immensum
837 1194 1133 1289 rarescat]
1178 1222 1245 1274 et
1274 1233 1455 1275 coma
1482 1233 1595 1275 seu
1623 1210 2044 1296 atmosphaera
2071 1222 2350 1288 cometae,
2392 1208 2786 1274 ascendendo
2815 1208 2896 1271 ab

304 1315 475 1379 illius
506 1329 741 1401 centr0,
774 1320 951 1405 quasi
982 1318 1251 1403 decuplo
1283 1320 1466 1385 altior
1494 1321 1575 1385 sit
1596 1318 1786 1406 quam
1806 1320 2168 1407 superficies
2197 1320 2434 1397 nuclei,
2448 1320 2675 1393 deinde
2697 1319 2898 1383 cauda

313 1423 527 1487 adhuc
572 1414 755 1490 altius
800 1426 1115 1510 ascendat,
1164 1426 1429 1491 debebit
1461 1428 1663 1493 cauda
1697 1450 1833 1499 esse
1859 1428 2049 1515 quam
2077 1428 2408 1493 rarissima.
2498 1428 2585 1491 Et
2614 1428 2894 1513 quamvis

304 1531 391 1595 ob
448 1530 635 1618 longe
688 1533 1054 1597 crassiorem
1101 1543 1487 1599 cometarum
1510 1534 2031 1620 .atmosphaeram,
2091 1556 2508 1623 magnamque
2555 1556 2892 1618 corporum

302 1638 781 1727 gravitaffionem
816 1641 1029 1705 Solem
1055 1646 1293 1719 versus3
1334 1654 1397 1707 et
1433 1643 1909 1730 gravitationem
1953 1642 2400 1727 particularum
2429 1636 2596 1705 aetis'
2615 1654 2678 1705 et
2705 1662 2894 1723 vapo-

304 1772 450 1813 rum
477 1751 545 1813 in
572 1774 639 1814 se
668 1749 913 1838 mutuo,j
940 1752 1079 1817 fieri
1106 1754 1307 1837 possit
1332 1766 1406 1819 ut
1434 1756 1541 1819 aer
1568 1754 1637 1819 in
1664 1755 1876 1840 spatiis
1907 1754 2263 1819 coelestibus
2291 1754 2482 1839 inque
2511 1765 2894 1817 cometarum

305 1856 527 1921 caudis
584 1878 717 1921 non
774 1856 935 1921 adeo
1008 1871 1319 1937 rarescat3
1390 1862 1804 1947 perexiguam
1875 1872 2090 1927 tamen
2150 1862 2556 1947 quantitatem
2615 1860 2774 1925 aeris
2833 1873 2898 1923 et

301 1986 613 2049 vaporum
656 1966 739 2055 ad
783 1967 995 2031 omnia
1035 1968 1145 2036 illa
1184 1969 1547 2036 caudarum.
1568 1968 1985 2054 phaenomena
2029 1967 2276 2032 abunde
2304 1968 2605 2043 sufficere,
2653 1990 2733 2031 ex
2776 1966 2892 2029 hac

299 2077 773 2167 computatione
794 2078 1199 2164 perspicuum
1216 2089 1353 2142 mest.
1444 2078 1613 2155 Nam
1642 2090 1707 2143 et
1735 2078 2075 2147 caudarum
2102 2076 2364 2163 insignis
2403 2076 2624 2138 raritas
2655 2074 2894 2161 colligi-

200 2180 207 2188 ’
300 2196 409 2249 tur
452 2208 535 2253 ex
578 2186 789 2253 astris
802 2210 920 2273 per
963 2209 1066 2256 eas
1112 2187 1651 2257 translucentibus.
1741 2187 2184 2273 Annosphaera
2211 2186 2520 2251 terrestris
2555 2186 2696 2265 luce
2730 2184 2892 2251 Solis

300 2294 659 2377 splendenS,
692 2295 1105 2366 crassitudine
1132 2294 1247 2359 sua
1275 2318 1621 2384 paucorum
1648 2295 2026 2373 milliarium,
2059 2306 2124 2358 et
2152 2306 2318 2360 astra
2347 2292 2558 2371 onmia
2587 2303 2651 2357 et
2693 2292 2894 2377 ipsam

301 2402 555 2465 Lunam
606 2404 900 2469 obscurat
950 2417 1013 2469 et
1059 2406 1369 2492 extinguit
1416 2406 1702 2489 penitus:
1767 2426 1886 2490 per
1933 2406 2303 2468 immensam
2351 2402 2500 2467 vero
2553 2402 2892 2492 caudarum

299 2510 803 2589 crassitudinem,
850 2510 993 2575 luce
1031 2512 1267 2596 pariter
1312 2512 1497 2578 solari
1526 2512 1914 2591 illustratam,
1961 2524 2128 2577 astra
2155 2510 2412 2575 minima
2440 2511 2572 2573 sine
2600 2496 2893 2573 claritatis

295 2620 677 2687 detrimento
721 2620 1106 2685 translucere
1154 2634 1522 2689 noscuntur.
1641 2622 1869 2707 Neque
1917 2623 2117 2705 major
2162 2641 2297 2683 esse
2345 2617 2504 2682 solet
2549 2617 2892 2682 caudarum

294 2727 715 2811 plurimarum
760 2727 1076 2811 splendor,
1126 2724 1315 2815 quam
1344 2728 1505 2794 aeris
1534 2728 1736 2793 nostri
1776 2727 1845 2789 in
1873 2726 2206 2791 tenebroso
2234 2724 2522 2789 cubiculo
2561 2722 2889 2791 latitudine

292 2836 479 2925 digiti
509 2838 693 2901 unius
724 2836 1071 2903 duorumve
1098 2838 1304 2902 lucem
1339 2838 1503 2903 Solis
1532 2839 1598 2901 in
1618 2838 1846 2923 jubare
1876 2837 2265 2901 reflectentis·

388 2944 541 3021 Quo
589 2944 889 3029 temporis
942 2945 1144 3030 spatio
1192 2966 1390 3031 vapor
1438 2968 1477 3009 a
1528 2946 1730 3029 capite
1778 2943 1860 3008 ad
1917 2943 2253 3007 terminum
2312 2940 2529 3005 caudae
2587 2940 2884 3019 ascendit,

294 3056 376 3137 (ἃ)
418 3056 715 3142 cognosci
758 3053 889 3119 fere
929 3068 1139 3140 potest
1182 3054 1470 3119 ducendo
1512 3067 1746 3118 rectam
1791 3076 1828 3116 a
1871 3052 2137 3115 termino
2180 3052 2396 3115 caudae
2427 3051 2509 3114 ad
2543 3049 2775 3125 Solem,
2821 3060 2888 3112 et
2949 3142 2957 3151 ,

239 3287 244 3289 -
289 3226 435 3289 quare
455 3228 623 3290 globus
644 3226 762 3275 a'eris
784 3228 928 3275 nostri
956 3227 1157 3291 digitum
1180 3242 1333 3275 unum
1354 3226 1477 3275 latus
1496 3224 1554 3273 ea
1615 3225 1957 3287 propressivum
1986 3240 2128 3288 quem
2160 3222 2268 3271 ante
2299 3232 2544 3271 ascensum
2564 3238 2706 3273 suum
2737 3224 2880 3269 habe-

288 3307 403 3338 cum
440 3292 623 3339 raritate
658 3286 803 3353 (luam
839 3294 1029 3339 haberet
1060 3292 1111 3337 in
1141 3291 1387 3339 altitudine
1416 3291 1552 3338 semi-
1615 3294 1712 3345 bat,
1745 3290 1998 3349 componit.
2071 3288 2162 3337 Sed
2195 3303 2278 3348 per
2301 3289 2448 3335 varias
2468 3287 2711 3335 methodos
2733 3284 2878 3347 paulo

288 3356 503 3403 diametri
536 3356 677 3404 unius
708 3356 943 3410 terrestris,
976 3354 1189 3421 impleret
1208 3370 1372 3402 ornnes
1392 3355 1552 3415 piane-
1615 3350 1725 3402 anle
1745 3353 1995 3415 explicatas
2009 3352 2206 3400 inveniri
2219 3360 2370 3413 potest
2384 3361 2570 3413 tempus
2584 3366 2680 3413 quo
2695 3360 2879 3401 comete.

288 3429 445 3465 tarum
477 3420 689 3481 regiones
712 3434 857 3481 usque
887 3418 949 3468 ad
969 3421 1195 3481 sphaeram
1226 3417 1415 3467 Saturni
1436 3427 1485 3467 et

288 3482 432 3547 longe
456 3482 589 3533 ultra.

356 3612 421 3674 (ἀ)
450 3618 555 3662 169.
590 3617 615 3645 ⁴*
645 3616 860 3677 cognosci
872 3614 984 3679 fer&
1003 3622 1169 3675 potest.
1236 3613 1431 3661 Referat
1454 3612 1489 3663 S

294 3675 468 3733 Solem,
498 3678 545 3725 A
569 3678 617 3725 B
637 3678 912 3741 trajectoriae
940 3679 1177 3733 ,cometicae
1207 3678 1482 3739 portionem.
1527 3689 1531 3693 ’

292 3740 367 3787 sit
390 3741 440 3787 N
460 3752 655 3789 cometae
676 3742 875 3789 nucleus
896 3744 956 3789 ab
982 3743 1029 3789 A
1052 3758 1209 3789 versus
1233 3742 1277 3789 B
1298 3756 1487 3804 progre-

288 3802 438 3860 dienS,
476 3806 517 3853 C
550 3805 777 3853 terminus
806 3805 984 3853 caudae.
1057 3806 1276 3853 Ducatur
1304 3816 1431 3853 recta
1459 3821 1490 3851 a

286 3868 487 3916 termino
508 3869 591 3916 ino
614 3871 653 3915 C
676 3870 737 3917 ad
754 3870 929 3926 Solem,
945 3879 1177 3929 punctum
1196 3860 1243 3926 d,
1260 3869 1344 3917 ubi
1364 3878 1489 3917 recta

286 3933 592 3996 trajector-iam
614 3943 751 3989 secat,
769 3932 1029 3995 designabit
1050 3934 1208 3981 locum
1224 3948 1280 3979 ex
1298 3948 1392 3994 quo
1407 3948 1487 3979 va-

286 4011 375 4057 por
393 3997 445 4043 in
466 3998 665 4045 termino
685 3997 849 4045 caudae
864 3998 1110 4045 ascendere
1125 3998 1263 4058 coepit
1277 4013 1306 4043 a
1320 3998 1485 4057 capite,

286 4060 327 4106 si
350 4076 491 4120 vapor
512 4062 593 4109 ine
612 4060 741 4109 recta
762 4061 979 4109 ascendat
999 4079 1027 4109 a
1052 4062 1172 4109 Sole.
1196 4064 1202 4071 '
1248 4061 1378 4116 Quia
1399 4077 1488 4108 au-

286 4133 383 4171 tem
404 4140 545 4185 vapor
565 4141 661 4181 non
684 4124 809 4172 recta
829 4126 1035 4171 ascendit
1047 4142 1076 4171 a
1094 4126 1217 4182 Sole,
1234 4125 1317 4173 sed
1338 4126 1487 4187 vergit

286 4204 445 4237 versus
466 4200 618 4249 partes
655 4190 718 4247 A,
752 4206 867 4251 quas
888 4200 1069 4237 cometa
1098 4190 1286 4251 reliquit
1320 4190 1483 4253 (164.)

285 4262 455 4316 agatur
474 4264 600 4301 recta
625 4256 659 4301 S
672 4254 734 4309 E,
758 4254 980 4314 parallela
1000 4254 1281 4316 longitudini
1303 4253 1481 4309 caudae,

284 4316 361 4363 vel
392 4318 547 4377 potius
586 4321 668 4381 (ob
691 4328 872 4364 motum
914 4318 1221 4365 curvilineum
1260 4316 1477 4377 cometae)

283 4386 411 4428 recta
430 4382 512 4429 illa
532 4399 561 4429 a
580 4380 707 4429 linea
728 4382 890 4429 caudae
912 4382 1133 4443 divergat‚
1158 4392 1297 4443 atque
1316 4382 1483 4443 trajec-
1504 4401 1511 4409 ·

282 4445 450 4491 toi-iam
483 4456 677 4492 cometae
708 4446 877 4493 alicubi
911 4446 1166 4501 intersecet,
1201 4444 1318 4507 puta
1338 4446 1391 4491 in
1414 4446 1483 4503 D,

282 4524 427 4569 vapor
446 4512 529 4571 qui
558 4525 687 4557 nunc
708 4510 963 4557 terminum
980 4509 1144 4556 caudae
1166 4510 1422 4565 constituit,
1457 4524 1487 4555 a
2532 4564 2540 4578 Ι

284 4574 455 4621 nucleo
488 4574 912 4634 coepit-ascendere
944 4574 1059 4619 dum
1090 4582 1273 4622 cometa
1304 4573 1355 4619 in
1386 4573 1549 4633 trajeo-
1612 4574 1772 4623 locum
1819 4576 1870 4623 D
1914 4575 2167 4638 occupavit,
2215 4584 2262 4635 et
2305 4583 2453 4636 potest
2490 4572 2672 4621 definiri
2703 4582 2881 4634 quanto

283 4638 417 4684 toriae
446 4654 545 4684 suoe
577 4639 681 4685 loco
720 4640 771 4685 D
802 4640 1093 4695 versabatur-3
1139 4638 1216 4683 hic
1250 4636 1381 4683 enim
1409 4648 1551 4697 vapor
1614 4640 1834 4699 temporis
1870 4638 2018 4701 spatio
2057 4656 2178 4699 opus
2211 4640 2271 4687 sit
2312 4650 2364 4685 ut
2394 4648 2574 4685 cometa
2605 4636 2878 4699 trajector-iae

282 4715 397 4749 cum
446 4712 581 4751 motu
622 4701 839 4751 ascensus
882 4708 911 4751 a
956 4702 1077 4761 Sole,
1125 4712 1309 4749 motum
1354 4710 1549 4749 cometae
1614 4704 1873 4765 portionem
1914 4706 1960 4751 D
1993 4706 2061 4763 -N,
2097 4703 2390 4769 longitudine
2423 4702 2590 4757 datam,
2625 4708 2876 4762 percurrat,
