3384 5509
543 503 626 560 30
1155 489 1835 558 PHILOSOPHIAE
1880 491 2429 560 NATURALIS
2472 496 2619 576 [Da
2652 497 2901 563 Mum).
2936 501 3119 567 Srs'r.

635 669 832 732 Corol.
867 674 927 729 1.
1018 663 1199 728 Hinc.
1225 666 1276 729 si
1308 687 1346 728 a
1375 665 1505 728 dati
1533 663 1717 728 arcus
1749 663 1937 750 quam
1966 663 2211 726 minimi
2246 665 2303 728 P
2334 663 2415 730 M
2444 667 2725 730 terminis
2759 669 2816 732 P
2842 682 2905 733 et
2936 670 3019 735 M
3046 672 3124 735 ad

542 773 773 837 lineam
802 769 1214 858 quadraturas
1249 773 1623 858 jungentem
1653 769 1721 847 Q
1749 793 1789 856 q
1822 769 2230 834 demittantur
2257 773 2707 857 perpendicula
2737 774 2793 839 P
2827 775 2913 854 K,
2949 775 3028 841 M
3054 777 3119 856 k,

541 881 883 968 eademque
912 879 1340 966 producantur
1363 881 1564 944 donec
1587 893 1799 946 secent

540 989 772 1053 lineam
798 987 1111 1052 nodorum
1143 989 1209 1052 N
1237 1009 1281 1052 n
1311 989 1377 1051 in
1406 989 1475 1054 D
1498 999 1560 1052 et
1582 989 1650 1064 d;
1675 990 1795 1054 erit

539 1108 745 1160 motus
801 1096 1089 1161 horarius
1149 1095 1463 1161 nodorum
1520 1109 1591 1160 ut
1647 1120 1794 1162 area
1830 1135 1847 1152 ·

541 1201 624 1269 M
655 1203 712 1270 P
738 1203 808 1268 D
836 1203 881 1268 d
922 1215 988 1270 et
1015 1198 1388 1290 quadratum
1429 1203 1613 1268 lineae
1643 1206 1705 1268 A
1738 1205 1794 1271 Z

537 1311 936 1400 conjunctim.
999 1315 1202 1380 Sunto
1231 1315 1399 1380 enim
1434 1315 1491 1382 P
1513 1313 1598 1393 K,
1635 1316 1690 1379 P
1716 1315 1795 1380 H

535 1435 598 1485 et
630 1423 691 1485 A
717 1422 769 1486 Z
795 1421 1084 1506 praedicti
1111 1435 1238 1486 tres
1263 1423 1451 1487 sinus,
1542 1423 1795 1509 Nempe

537 1528 596 1592 P
627 1528 691 1593 K
736 1530 906 1592 sinus
935 1529 1248 1594 distantiae
1293 1531 1497 1624 Lunae
1527 1555 1565 1596 a
1592 1532 1793 1618 quad-

532 1635 763 1714 ratuni,
803 1637 858 1701 P
880 1637 954 1701 H
987 1637 1157 1702 sinus
1187 1639 1494 1704 distantiae
1520 1641 1725 1705 Lunae
1753 1665 1792 1706 a

531 1743 724 1820 nodo,
772 1757 836 1808 et
879 1745 942 1808 A
975 1743 1028 1809 Z
1071 1745 1242 1810 sinus
1287 1747 1596 1811 distantiae
1640 1749 1793 1812 nodi

529 1875 570 1915 a
631 1853 812 1917 Solet
872 1865 936 1918 et
990 1855 1108 1919 erit
1157 1855 1448 1921 velocitas
1505 1858 1660 1922 nodi
1717 1871 1787 1924 ut

531 1976 895 2028 contentum
951 1965 1104 2030 PK
1142 1981 1193 2032 Χ
1235 1967 1399 2032 ΡΗ
1441 1982 1492 2033 Χ
1527 1969 1583 2032 Α
1623 1969 1692 2032 Ζ.
1792 1970 1875 2054 (Ρ)
1927 1969 2045 2033 Est
2093 1971 2782 2039 autemPTadPK
2828 1981 2907 2034 ut
2949 1965 3111 2032 PM

531 2068 614 2132 ad
647 2069 711 2133 K
742 2071 806 2148 k,
855 2071 1121 2158 ideoque
1165 2073 1249 2136 ob
1294 2074 1469 2138 datas
1503 2074 1560 2137 P
1589 2075 1654 2138 T
1682 2085 1747 2138 et
1779 2074 1835 2138 P
1870 2073 1951 2139 M
1979 2087 2074 2140 est
2108 2075 2173 2139 K
2204 2077 2246 2138 k
2275 2077 2397 2160 ipsi
2428 2075 2483 2141 P
2516 2077 2580 2142 K
2609 2073 3109 2162 proportionalis,

536 2179 654 2246 Est
681 2195 744 2243 et
774 2182 836 2242 A
868 2181 931 2244 T
960 2181 1041 2244 ad
1074 2173 1128 2246 P
1160 2183 1226 2246 D
1257 2193 1329 2246 ut
1360 2185 1423 2247 A
1455 2183 1508 2247 Z
1538 2183 1619 2246 ad
1652 2184 1710 2247 P
1742 2185 1838 2262 H,
1887 2196 1951 2248 et
1992 2199 2328 2270 propterea
2361 2188 2417 2252 P
2449 2189 2526 2252 H
2554 2186 2916 2278 rectangulp
2963 2185 3017 2248 P
3046 2181 3111 2244 D

549 2301 601 2354 Χ
641 2287 704 2352 Α
738 2289 790 2354 Ζ
832 2288 1340 2374 proportionaIiS‚
1387 2305 1450 2358 et
1491 2292 1838 2378 conjunctis
1871 2294 2214 2359 rationibus
2263 2296 2320 2359 P
2350 2295 2415 2361 K
2457 2310 2509 2362 Χ
2552 2295 2606 2360 Ρ
2639 2297 2714 2361 Η
2742 2308 2835 2360 est
2864 2306 2937 2360 ut
2963 2313 3108 2382 con-

595 2502 666 2550 sit
688 2503 740 2552 N
759 2504 910 2554 ubivis
929 2505 980 2553 in
1001 2505 1259 2569 quadrante
1293 2508 1338 2556 B
1365 2507 1409 2556 T
1435 2510 1499 2566 Q.
1532 2519 1580 2558 et
1603 2509 1648 2557 P
1669 2509 1793 2568 inter
1853 2511 2181 2572 consequentia
2201 2520 2413 2571 respectu
2447 2511 2499 2559 N
2528 2512 2778 2574 minusque
2798 2501 3125 2557 semi-circulo*
3151 2513 3155 2518 ·

533 2566 586 2622 Q
603 2577 651 2614 et
672 2583 705 2614 n
727 2569 802 2614 vel
825 2569 946 2617 inter
965 2588 996 2634 q
1017 2579 1065 2619 et
1089 2572 1138 2618 N
1160 2572 1312 2632 primo
1328 2588 1437 2620 casu
1455 2590 1617 2621 omnes
1637 2590 1791 2636 angu-
1852 2574 2005 2630 distat,
2028 2589 2143 2637 ergo
2164 2576 2369 2638 angulus
2392 2575 2443 2623 N
2480 2575 2526 2623 T
2558 2575 2601 2632 P
2620 2585 2692 2622 est
2712 2574 2969 2634 podtivun
3002 2572 3108 2618 hinc

527 2629 598 2678 ios
617 2631 718 2678 fore
739 2633 975 2696 positivo&
995 2636 1142 2684 altero
1164 2651 1223 2684 an
1295 2637 1364 2683 los
1391 2639 1494 2692 Q'r
1509 2639 1610 2684 Pet
1627 2639 1676 2684 N
1690 2639 1789 2686 TP
1851 2637 2003 2684 ubivis
2039 2637 2099 2685 sit
2136 2639 2194 2695 P,
2234 2639 2273 2685 si
2311 2639 2455 2686 modo
2474 2653 2573 2686 nou
2610 2640 2672 2686 sit
2703 2639 2827 2686 inter
2848 2637 3028 2683 nodum
3064 2642 3109 2682 et

527 2693 627 2741 sore
643 2697 897 2759 negativos,
921 2708 975 2746 ut
995 2699 1045 2746 in
1069 2715 1218 2760 praece
1251 2701 1364 2759 enti,
1379 2701 1783 2749 demonstrabitur.
1851 2703 2175 2763 quadraturam
2200 2703 2479 2763 proximam,
2510 2703 2583 2749 rel
2602 2717 2769 2750 omnes
2788 2691 2953 2764 anguli
2974 2705 3109 2746 erunt

595 2760 816 2822 Denique
837 2764 1042 2824 angulus
1077 2765 1110 2811 S
1136 2765 1181 2812 T
1207 2765 1254 2811 N
1286 2765 1346 2814 sit
1377 2767 1632 2828 negativus,
1669 2776 1717 2812 et
1742 2767 1785 2813 P
1848 2765 2043 2825 positivi,
2068 2766 2143 2814 vel
2180 2767 2278 2814 duo
2298 2767 2442 2814 sitnul
2462 2767 2681 2831 negativi,
2722 2767 2839 2814 alter
2858 2761 2971 2812 vero
2990 2762 3109 2824 posi-

525 2836 624 2868 non
662 2823 723 2870 sit
759 2824 880 2872 inter
899 2827 1231 2888 quadraturam
1253 2837 1300 2875 et
1320 2829 1513 2883 nodum,
1554 2831 1636 2876 sed
1673 2830 1786 2878 alibi
1848 2831 2011 2878 tirus..

526 2885 693 2942 ubivis,
717 2887 938 2936 alteruter
959 2906 1017 2937 ex
1039 2891 1226 2954 angulis
1250 2894 1302 2947 Q,
1324 2893 1369 2940 T
1393 2892 1452 2950 P,
1489 2894 1538 2940 N
1571 2896 1616 2941 T
1636 2895 1679 2942 P
1702 2910 1785 2956 po-
1914 2893 2043 2941 Ciun
2064 2910 2176 2958 ergo
2196 2909 2331 2944 arcus
2352 2896 2474 2944 inter
2490 2897 2542 2944 N
2562 2896 2637 2942 vel
2658 2909 2692 2941 n
2714 2903 2762 2944 et
2781 2892 3106 2956 quadraturam

527 2948 690 2996 sitivus
709 2952 811 3009 erit,
836 2955 1080 3016 negativus
1100 2956 1244 3016 alter-3
1279 2955 1339 3004 sit
1373 2957 1424 3005 N
1454 2958 1505 3004 in
1526 2958 1782 3020 quadrante
1844 2958 2118 3017 proximam,
2138 2975 2381 3022 nunquam
2398 2961 2590 3008 excedat
2612 2959 2935 3022 quadrantem,
2964 2969 3109 3017 eoque

527 3015 573 3058 A
602 3013 647 3061 T
667 3029 698 3076 q
731 3025 778 3062 et
811 3016 856 3064 P
884 3018 933 3063 in
956 3033 1070 3065 areu
1094 3019 1147 3075 Q
1169 3021 1216 3066 A
1243 3022 1292 3068 N
1316 3022 1592 3086 (quadrante
1612 3024 1779 3084 major)
1811 3079 1818 3086 ·
1846 3021 1907 3068 sit
1928 3035 2055 3081 saepe
2074 3023 2262 3082 minor-3
2286 3039 2315 3071 e
2334 3033 2497 3072 contu
2516 3022 2641 3078 vero,
2666 3039 2803 3072 arcus
2822 3022 2945 3069 inter
2970 3019 3017 3068 N
3038 3018 3107 3066 vel

527 3077 613 3124 erit
638 3079 689 3134 Q,
711 3078 756 3126 T
780 3080 825 3128 Ρ
843 3081 1070 3142 positivus
1089 3093 1138 3131 et
1161 3085 1212 3132 N
1229 3085 1275 3133 T
1295 3085 1338 3134 P
1361 3085 1616 3152 negativus,
1639 3087 1783 3150 siqui·
1847 3101 1881 3131 n
1902 3095 1950 3133 et
1969 3087 2301 3148 quadraturam
2311 3089 2608 3136 remotiorem
2621 3101 2868 3148 nunquam
2884 3085 2945 3131 sit
2958 3083 3110 3130 minor

1850 3147 2107 3210 quadrante
2126 3161 2175 3198 et
2195 3165 2317 3212 saepe
2336 3167 2395 3200 eo
2414 3153 2577 3214 major,
2598 3150 2767 3214 majori
2782 3158 2913 3210 parte
2928 3147 3107 3194 revolu-

1850 3213 1992 3260 tionis
2022 3215 2191 3272 Lunae,
2215 3216 2328 3263 nodi
2348 3216 2677 3278 regrediuntur
2697 3226 2745 3262 et
2762 3227 2849 3276 per
2868 3225 3107 3260 excessum

1850 3291 2088 3340 regressus
2123 3293 2264 3339 supra
2294 3293 2605 3342 progressum,
2640 3277 2840 3341 singulis
2872 3275 3109 3322 mensibus

1851 3343 1963 3388 nodi
1984 3342 2203 3390 feruntur
2222 3341 2272 3390 in
2294 3343 2629 3391 antecedentia.

1921 3405 2186 3454 Potuissent
2212 3407 2415 3454 Articuli
2438 3413 2483 3454 4.
2526 3421 2668 3468 supra
2689 3403 3009 3458 demonstrati,
3048 3415 3104 3450 ex

1851 3466 1953 3514 sola
1970 3469 2016 3515 vi
2039 3470 2277 3534 signorum
2317 3471 2683 3534 algebraicorum
2702 3469 2889 3524 deduci,
2912 3479 3109 3528 eamque

1852 3532 2261 3582 demonstrationis
2282 3535 2482 3596 speciem
2519 3534 2737 3582 adhibere
2758 3532 2943 3579 videtur
2969 3533 3106 3577 New-

1852 3604 2018 3653 tonus;
2050 3607 2101 3644 at
2136 3598 2277 3646 alicui
2312 3599 2557 3662 negotium
2590 3598 2813 3645 facessere
2849 3595 3106 3655 potuissent

1854 3661 2025 3706 horum
2046 3661 2288 3723 signorum
2300 3663 2583 3710 mutationes
2601 3661 2651 3708 in
2674 3659 2862 3723 angulis
2874 3667 3103 3719 spectate,

1850 3723 1902 3770 in
1923 3723 2092 3786 quibus
2113 3725 2222 3772 cum
2245 3727 2449 3788 angulus
2480 3727 2541 3772 ad
2572 3723 2941 3772 semi-circulum
2964 3722 3103 3770 crevit

1850 3797 1898 3834 et
1919 3790 2150 3835 maximus
2170 3791 2243 3847 sit,
2267 3805 2377 3836 mox
2394 3791 2641 3858 negativus
2661 3787 2827 3848 evadit,
2851 3786 2981 3850 quod
2996 3801 3105 3834 sane

1850 3867 1946 3898 non
1983 3853 2207 3900 evenisset
2228 3854 2267 3901 si
2288 3853 2375 3903 viae
2396 3854 2653 3914 descriptae,
2692 3868 2789 3899 non
2810 3849 2923 3898 vero
2942 3848 3103 3912 anguli

1849 3916 2123 3964 considerati
2145 3917 2373 3975 fuissent3
2404 3917 2573 3980 juvant
2590 3915 2863 3980 algebraicae
2883 3911 2978 3959 illae
2990 3925 3100 3958 eon-

1850 3981 2119 4041 sequentiae,
2130 3981 2182 4028 in
2195 3981 2459 4044 retegendis
2474 3982 2686 4042 prompte
2704 3979 3104 4040 Propositionibus

1848 4042 1999 4105 iisque
2018 4045 2077 4092 ad
2100 4045 2469 4108 generalissimas
2489 4046 2805 4106 expressiones
2818 4041 3101 4098 revocandis,

1847 4107 1929 4154 sed
1966 4107 2017 4154 in
2055 4109 2297 4156 nonnullis
2316 4104 2650 4172 quaestionibus
2682 4108 2743 4156 ad
2779 4107 3101 4156 certitudinem

1848 4169 2035 4230 plenam
2057 4171 2361 4236 idearumque
2380 4174 2638 4222 claritatem
2659 4172 2908 4235 requiritur
2928 4178 2997 4226 ut,
3020 4183 3100 4230 per

526 4228 634 4275 dem
659 4228 700 4276 P
722 4236 792 4274 est
811 4227 861 4274 in
881 4227 1202 4276 antecedentia
1219 4241 1430 4290 respectu
1465 4231 1529 4288 N,
1561 4231 1624 4278 sit
1657 4230 1703 4278 P
1735 4230 1786 4278 in
1848 4249 2041 4282 casuum
2074 4238 2487 4294 enumerationem,
2526 4238 2623 4284 illae
2642 4236 2913 4300 algebraicae
2933 4249 3093 4281 conse-

525 4307 636 4339 arcu
673 4307 706 4354 q
730 4293 773 4338 B
797 4307 832 4338 n
866 4293 952 4340 erit
991 4294 1042 4348 Q
1062 4293 1107 4340 T
1133 4294 1176 4342 P
1197 4297 1451 4356 negativus,
1489 4296 1570 4342 sed
1595 4297 1644 4342 N
1670 4297 1717 4344 T
1741 4297 1784 4344 P
1847 4299 2063 4360 quentiae,
2081 4300 2212 4348 velut
2230 4300 2289 4347 ad
2315 4301 2543 4361 Lapidem
2563 4302 2769 4363 Lydium
2784 4299 3095 4360 explorentur.

525 4355 762 4416 positivus,
785 4371 895 4404 nam
915 4372 1050 4404 arcus
1074 4358 1124 4404 N
1145 4358 1188 4405 P
1207 4358 1259 4404 in
1279 4361 1608 4422 consequentia
1623 4375 1783 4424 sump-
1853 4363 2105 4420 Caeterum,
2127 4365 2339 4425 quamvis
2360 4365 2536 4428 figuras
2558 4365 2812 4425 unicuique
2844 4361 2973 4410 casui
2994 4376 3100 4422 pro-

525 4428 603 4467 tus
625 4420 938 4468 semi-circulo
957 4423 1112 4468 minor
1131 4422 1232 4469 erit.
1846 4426 1969 4484 prias
1990 4441 2087 4474 nou
2110 4427 2510 4481 delimaverimus,
2544 4429 2681 4476 facile
2704 4428 2789 4474 erit
2820 4441 2877 4473 ex
2909 4425 2968 4472 iis
2998 4438 3099 4486 quae

597 4485 666 4530 Sit
706 4483 755 4530 N
792 4484 841 4530 in
863 4485 1118 4546 quadrante
1150 4486 1251 4560 qu
1275 4487 1334 4542 B,
1375 4488 1414 4534 si
1455 4488 1496 4535 P
1518 4488 1577 4535 sit
1597 4488 1648 4534 in
1669 4503 1783 4536 arcu
1846 4490 2041 4550 sculptae
2077 4500 2201 4550 suut,
2238 4492 2411 4556 figuras
2442 4493 2709 4543 deficientes
2741 4488 2988 4554 imaginari
3020 4495 3101 4536 aut

525 4561 652 4658 itq'i·
665 4548 1013 4674 ῗῖἶῗῖιῑὲιξ
1021 4550 1436 4674 qlfnifftezsmneff'
1474 4554 1562 4661 seii
1579 4553 1783 4663 ῗξζιιιιξῑῗ
1846 4553 2147 4682 <affingat
2163 4629 2319 4668 autem
2340 4623 2386 4670 Ρ
2406 4623 2520 4669 rad
2538 4624 2585 4668 P
2598 4622 2716 4668 fut
2732 4621 2778 4668 Ρ
2792 4588 2925 4666 Μὶιιι
2940 4618 3029 4665 n
3043 4627 3099 4661 ex

528 4674 704 4724 circulo
724 4677 872 4737 maj0r
890 4685 975 4732 est,
999 4676 1038 4724 si
1064 4677 1107 4724 P
1127 4677 1186 4724 sit
1205 4678 1256 4724 in
1277 4693 1390 4726 areu
1499 4679 1548 4734 Q
1580 4681 1785 4742 angulus
1847 4680 2090 4728 notissima
2110 4682 2270 4731 circuli
2293 4684 2571 4744 proprietate
2581 4683 2765 4749 radium
2779 4697 2877 4730 esse
2898 4681 2958 4728 ad
2978 4679 3099 4726 ordi-

533 4739 586 4796 Q,
607 4738 653 4786 T
679 4737 724 4786 P
743 4748 814 4786 est
834 4738 1024 4802 quidem
1046 4740 1304 4804 negativus,
1341 4743 1426 4791 aed
1444 4744 1555 4807 quia
1577 4743 1622 4792 P
1641 4752 1713 4791 est
1730 4743 1783 4791 iu
1847 4754 2023 4802 natam,
2046 4754 2103 4793 ut
2120 4756 2191 4794 est
2206 4747 2352 4796 fluxio
2364 4748 2499 4796 arcus
2518 4747 2582 4796 ad
2600 4747 2857 4796 fluxionem
2872 4743 3095 4794 abscissa.
