3384 5509
546 429 606 489 vi
649 497 654 502 ,
867 423 1536 490 INTRODUCTIO
1581 426 1713 489 AD
1763 425 2049 492 LUNAE
2092 427 2633 507 THEORIAM,
2676 433 2794 497 &c-

605 594 872 660 'ssadem
914 595 1171 671 ratione,
1216 595 1586 658 variationes
1625 607 1835 658 motus
1878 597 2122 682 apogaei
2164 607 2227 660 et
2266 607 2476 659 motus
2518 595 2835 659 nodorum
2876 615 2959 658 ex
2994 593 3152 661 situ

542 683 790 768 diverso
816 703 1036 766 Terrae
1064 703 1146 766 ad
1173 703 1494 786 aphelium
1521 715 1630 766 aut
1648 703 2023 786 perihelium
2044 727 2228 767 suum
2258 727 2340 768 ex
2368 704 2693 790 utriusque
2712 716 2891 766 motu
2908 702 3149 767 medio

541 810 692 874 dato
719 811 787 872 in
815 809 1090 873 secundo
1116 809 1516 894 paragrapho
1545 809 1829 872 derivare
1858 809 2137 873 docetur.

631 917 758 981 His
804 939 885 980 ex
927 916 1391 980 excentricitate
1419 915 1640 979 orbitoe
1671 916 1944 980 Telluris
1970 917 2255 982 deductis
2298 917 2676 1004 adjungatur
2706 916 3146 980 consideratio

545 1027 1024 1091 excentricitatis
1068 1025 1292 1089 orbitoe
1333 1026 1591 1104 lunariS,
1637 1038 1747 1090 aut
1788 1028 1921 1112 ejus
1962 1028 2379 1092 inclinationis
2424 1028 2505 1092 ad
2547 1028 2928 1114 eclipticam:
2970 1027 3140 1092 inde

543 1160 724 1202 novae
751 1137 1236 1223 irregularitates
1265 1137 1582 1220 prioribus
1611 1137 2053 1203 adnascuntur.

634 1243 871 1322 Primo,
896 1245 1126 1308 mensis
1147 1243 1500 1328 periodicas
1519 1245 1712 1328 paulo
1740 1247 1941 1330 major
1970 1246 2045 1309 fit
2072 1244 2217 1310 cum
2246 1247 2413 1311 linea
2445 1233 2736 1332 apsidum
2762 1269 2879 1332 per
2911 1249 3144 1313 Solem

545 1351 770 1414 transit
795 1347 985 1434 quam
1027 1347 1173 1412 cum
1201 1351 1322 1435 ipsi
1350 1363 1445 1414 est
1468 1352 2023 1438 perpendiculariS,
2069 1355 2219 1418 hinc
2260 1355 2567 1419 correctio
2595 1377 2759 1418 nova
2786 1357 3145 1442 aequationi

543 1467 750 1518 motus
789 1455 1000 1531 medii,
1051 1477 1194 1541 quae
1239 1456 1308 1518 in
1350 1449 1560 1540 primo
1603 1459 1838 1522 Scholii
1878 1461 2274 1548 paragrapho
2314 1463 2671 1546 exponitur,
2702 1473 2797 1526 est
2820 1461 3139 1540 facienda,

543 1568 706 1632 hanc
735 1591 962 1632 novam
990 1569 1406 1654 aequationem
1445 1569 1535 1633 ill.
1572 1569 1870 1636 cassinus
1902 1573 2155 1637 exhibet
2197 1571 2265 1636 in
2306 1575 2535 1639 tabella
2566 1575 2742 1658 cujus
2770 1573 2987 1638 titulus
3032 1583 3145 1636 est

543 1680 817 1744 Secunda
848 1679 1154 1762 AEquatio
1180 1677 1415 1744 Solaris
1441 1690 1504 1742 et
1531 1681 1717 1743 tertio
1742 1683 2141 1768 paragrapho
2172 1683 2409 1748 Scholii
2436 1683 2721 1748 traditur.

485 1776 491 1782 ’
633 1784 860 1848 Itidem
891 1785 944 1848 si
969 1784 1138 1848 linea
1153 1785 1469 1850 nodorum
1486 1808 1602 1870 per
1627 1787 1838 1850 Solem
1854 1799 2146 1865 transeat,
2167 1789 2358 1874 paulo
2375 1791 2575 1874 major
2602 1789 2722 1852 erit
2746 1788 2909 1854 Solis
2940 1787 3137 1863 actiO,

544 1906 608 1956 et
651 1893 954 1956 correctio
983 1915 1152 1957 nova
1180 1893 1412 1956 exinde
1435 1903 1725 1958 nascetur
1764 1893 1967 1958 eidem
1996 1896 2195 1960 motui
2223 1895 2452 1974 medio,
2500 1896 2664 1958 hanc
2693 1906 2916 1982 quarto
2942 1915 3139 1978 para-

543 2002 790 2092 grapho
823 2001 1060 2067 Scholii
1087 2001 1324 2065 indicat
1354 2001 1717 2068 NewtonUS.

555 2159 558 2164 -
635 2111 948 2176 Praeterea
1007 2110 1440 2174 excentricitas
1498 2110 1636 2194 ipsa
1693 2110 1917 2174 orbitae
1974 2111 2209 2174 lunaris
2264 2131 2351 2172 ex
2404 2108 2655 2172 diverso
2707 2107 2830 2170 situ
2884 2105 3137 2192 apogaei

544 2231 838 2305 respectu
867 2218 1029 2282 Solis
1057 2229 1354 2292 mutatur,
1399 2239 1569 2278 nunc
1597 2219 1800 2302 major
1826 2238 1995 2280 nunc
2020 2217 2230 2280 minor
2258 2215 2485 2291 evadit,
2531 2213 2721 2299 idque
2750 2212 2937 2276 ‘etiam
2976 2212 3140 2274 inae-

531 2325 816 2412 qualiter
844 2347 964 2409 pro
993 2325 1285 2388 distantia
1318 2324 1595 2388 Telluris
1627 2349 1664 2387 a
1700 2325 1865 2390 Sole.

555 2487 562 2494 .
634 2433 898 2496 Rursus
923 2432 1058 2516 ipse
1101 2444 1308 2496 motus
1353 2434 1598 2519 apogaei
1626 2445 1818 2517 prout
1848 2453 2178 2538 apogaeum
2207 2431 2622 2496 diversimode
2666 2432 2853 2494 situm
2896 2442 2990 2494 est
3032 2452 3138 2492 re-

547 2551 764 2624 spectu
798 2539 958 2603 Solis
988 2549 1286 2616 mutatur,
1331 2539 1480 2601 hinc
1507 2539 1777 2624 aequatio
1805 2539 2051 2624 apogaei
2080 2537 2356 2601 nascitur
2400 2559 2595 2622 eaque
2625 2536 2879 2620 duplat,
2925 2535 3141 2620 prima

547 2643 964 2730 supponendo
996 2643 1272 2707 Telluris
1303 2669 1340 2707 a
1375 2645 1522 2708 Sole
1551 2645 1911 2708 distantiam
1940 2655 2349 2722 constantem,
2387 2643 2581 2707 altera
2608 2641 2759 2706 vero
2788 2642 3022 2726 pendet
3053 2663 3137 2706 ex

546 2750 892 2814 mutatione
921 2749 1271 2812 distationae
1303 2749 1578 2812 TeUuris
1609 2773 1646 2812 a
1680 2750 1845 2813 Sole.

621 2847 816 2920 ¹Hinc
842 2856 1098 2920 tandem
1128 2854 1272 2919 cum
1315 2857 1536 2920 orbitae
1576 2857 1813 2922 lunaris
1836 2857 2061 2936 forma,
2092 2857 2522 2922 excentricitas
2550 2868 2614 2922 et
2640 2857 2884 2942 apogaei
2902 2854 3139 2940 positio

549 2976 872 3042 mutetur,
895 2962 1153 3026 omnino
1183 2975 1506 3026 mutantur
1534 2961 2107 3048 correctionesjllae
2124 2989 2277 3052 ,quae
2320 2966 2790 3030 deducebantur
2816 2987 2897 3026 ex
2927 2963 3138 3045 Lunae

549 3073 1016 3138 excentricitate
1044 3074 1365 3150 mediocri,
1414 3097 1556 3159 quae
1600 3077 2020 3161 aequationem
2064 3077 2331 3140 solutam
2376 3076 2867 3150 constituebant3
2910 3075 3137 3138 ultimo

549 3193 760 3244 autem
794 3177 1030 3244 Scholii
1056 3180 1454 3266 paragrapho
1488 3181 1833 3246 Newtonus
1877 3183 2062 3248 docet
2089 3183 2211 3268 qua
2242 3184 2482 3248 ratione
2524 3203 2703 3246 novae
2732 3183 2857 3244 illae
2888 3203 3135 3245 correc-

527 3289 750 3354 'tiones
796 3288 918 3352 sint
960 3289 1395 3352 instituendae:
1445 3291 1656 3354 omnia
1683 3289 1835 3354 vero
1880 3293 1947 3354 in
1987 3292 2109 3355 hoc
2144 3293 2397 3357 Scholio
2442 3293 2575 3356 sine
2604 3289 3134 3355 demonstratione

551 3397 763 3473 tradit,
795 3419 910 3463 nec
938 3396 1214 3459 indicato
1243 3419 1502 3460 suorum
1528 3399 1913 3461 calculorum
1942 3399 2225 3475 artificiO,
2258 3398 2525 3484 ideoque
2552 3398 2750 3462 nostri
2779 3397 3132 3481 putavimus

554 3501 760 3578 officii,
797 3523 938 3566 eam
957 3502 1258 3588 indagare
1275 3502 1442 3564 viam
1471 3503 1573 3564 cui
1603 3503 1947 3568 Newtonus
1976 3505 2043 3568 in
2073 3505 2148 3568 iis
2176 3504 2557 3590 reperiendis
2580 3505 2862 3568 insistere
2892 3503 3127 3580 debuit,

552 3607 768 3670 labore
796 3601 1050 3694 quidem
1092 3629 1224 3671 non
1265 3630 1480 3693 parm,
1529 3632 1815 3676 successu
1846 3611 2299 3697 qualicumque,
2344 3612 2576 3676 utinam
2623 3611 2955 3676 lectoribus
2996 3630 3130 3674 non

437 3765 448 3774 .
555 3727 820 3800 nigram.
