3384 5509
279 442 504 506 an
528 387 888 517 Tem-ma]
939 433 1421 504 PRINCIPIA
1472 429 2213 504 MATHEMATmA.

274 594 494 666 temporis
514 605 634 652 inter
649 603 1010 654 observationem
1031 607 1232 665 primam
1249 614 1296 652 et
1317 620 1528 652 momen-

2725 441 2849 500 157

1599 581 1644 653 o
1683 605 1797 666 ῃ·
1835 605 2024 654 Deinde
2055 605 2107 650 in
2138 603 2374 667 triangulo
2410 603 2458 648 R
2490 604 2535 651 o
2563 601 2643 661 ῖς,
2676 601 2847 649 dantur

273 683 381 722 tum
402 685 498 733 quo
517 678 699 716 cometa
717 668 777 715 ad
800 669 978 715 nodum
995 674 1057 734 ,ςζ
1083 669 1286 730 appellit,
1310 669 1370 715 ad
1390 670 1531 717 inter·
1591 669 1738 718 latera
1758 669 1879 718 circa
1899 681 2079 716 rectum
2104 668 2151 716 Ο
2172 668 2221 716 R
2240 678 2290 714 et
2313 669 2360 715 Ο
2388 665 2467 725 Ἱ3,
2490 667 2687 730 ideoque
2708 674 2851 713 notua

275 739 457 784 vallum
477 733 699 792 temporis
730 733 854 778 inter
885 735 1248 781 observationem
1269 735 1465 794 primam
1487 742 1536 780 et

275 801 461 848 tertiam
494 805 550 845 ut
585 811 694 843 area
728 811 753 841 r
775 799 837 860 ,ςζ

276 876 493 912 arearum
513 877 538 907 r
553 864 615 924 ,ςζ
637 861 686 917 8,
713 861 762 907 R.
782 864 867 915 Sr,
889 869 1000 909 nota
1020 870 1090 908 est
1109 861 1226 907 ratio
1247 863 1350 924 (per
1366 860 1536 908 Theor.

279 931 374 978 lv.
402 929 462 974 de
478 924 638 986 'parab-
669 924 743 970 vel
773 939 908 970 num·
937 925 1072 987 142.)
1105 933 1275 972 notum
1302 923 1448 985 igitur
1467 932 1542 972 est

277 1003 468 1052 tempus
501 1003 596 1051 quo
629 995 814 1034 cometa
849 987 1030 1038 nodum
1074 992 1156 1052 ςζ,
1197 998 1337 1034 tenet.
1426 985 1538 1034 Pari

275 1057 420 1103 modo
449 1051 704 1100 'innotescit
735 1059 923 1111 tempus
951 1067 1046 1114 quo
1067 1059 1248 1100 cometa
1266 1049 1328 1098 ad
1357 1049 1539 1098 nodum

279 1119 479 1168 alterum
506 1116 567 1176 '13
591 1113 804 1176 appellit.
1050 1118 1058 1133 ⁴
1126 1114 1130 1120 “

347 1252 454 1294 148.
476 1243 656 1293 Iisdem
674 1241 984 1300 manentibuffi
1003 1241 1386 1290 determinabitur
1405 1240 1540 1302 inpli-

279 1311 412 1358 natio
431 1311 560 1371 plani
581 1304 851 1366 trajectorioe
871 1307 932 1353 ad
952 1307 1148 1366 planum
1173 1305 1408 1364 eclipticae.
1460 1306 1541 1352 Ex

279 1383 458 1438 puncto
485 1374 530 1421 O
553 1371 613 1416 ad
637 1369 700 1429 ’δ’
729 1369 762 1414 S
786 1373 868 1432 εἰ,
891 1369 1124 1418 nodorum
1143 1370 1317 1418 lineam
1337 1367 1544 1431 erigatur
1622 1357 1626 1376 ¹

279 1435 675 1498 perpendicularis
711 1433 757 1480 0
786 1433 864 1492 15,
891 1435 1218 1496 jungaturque
1252 1433 1302 1478 R
1330 1432 1414 1496 ,ς’ζ.
1483 1433 1546 1478 In

280 1501 518 1563 triangulo
542 1500 589 1548 Ο
615 1499 648 1546 S
673 1496 754 1557 Β,
788 1507 954 1556 praeter
973 1506 1153 1544 rectum
1176 1497 1236 1543 ad
1263 1495 1345 1555 ἲς,
1375 1496 1548 1542 dantur

283 1564 444 1630 (147.)
470 1564 674 1627 angulus
698 1564 745 1612 Ο
767 1561 800 1610 S
817 1561 879 1622 ‘25
897 1569 944 1610 et
943 1561 1088 1654 astus
1113 1560 1160 1608 Ο
1181 1561 1230 1620 S,
1249 1575 1394 1625 quare
1409 1558 1548 1638 datur

361 2625 467 2668 149.
501 2616 659 2666 Facile
679 2617 876 2666 obtineri
904 2627 1057 2678 potest
1078 2627 1264 2680 tempus
1285 2633 1380 2680 quo
1401 2633 1555 2666 come-

293 2691 344 2730 ta
371 2681 651 2742 ‚perihelium
689 2691 830 2730 tenet.
903 2682 1144 2730 Umbilico
1179 2685 1226 2736 S,
1266 2697 1350 2742 per
1380 2691 1557 2742 puncta

300 2747 365 2804 R,
387 2761 426 2803 r,
451 2745 733 2809 describatur
753 2745 1012 2807 trajector-ia
1029 2753 1237 2793 cometae.
1311 2745 1484 2804 Centro
1503 2746 1554 2802 S,

298 2825 381 2872 per
413 2808 687 2856 alterutrum
719 2803 1003 2868 pun‘ct’orum
1037 2807 1152 2868 puta
1175 2809 1242 2864 R,
1277 2809 1560 2856 describatur

303 2872 505 2921 circulus
526 2873 796 2934 trajectoriae
825 2871 982 2920 denuc
1013 2887 1260 2932 occurrens
1280 2871 1332 2918 in
1357 2873 1417 2926 V,
1446 2873 1559 2934 jun-

299 2947 531 2998 gaturque
558 2937 602 2982 R
621 2935 683 2989 V,
708 2935 769 2982 ad
789 2950 930 2998 quem
952 2949 1009 2982 ex
1031 2945 1212 2995 puncto
1235 2935 1268 2982 S
1291 2933 1561 2984 demittatur

299 2998 689 3060 perpendicularis
707 3000 741 3046 S
759 3010 804 3061 φ,
823 3015 928 3060 quae
950 2999 1234 3058 producatur
1249 2997 1398 3045 donec
1423 3013 1558 3057 para-

299 3064 421 3112 bolae
435 3072 647 3110 occurrat
669 3063 718 3108 in
735 3081 786 3118 τ,
807 3063 894 3108 erit
911 3081 947 3110 or
963 3062 1236 3124 trajectoriae
1257 3060 1530 3122 perihelium
1547 3078 1564 3120 3

299 3135 350 3173 et
368 3125 562 3186 proinde
584 3135 707 3172 recta
727 3125 876 3186 ipsius
901 3127 934 3173 S
957 3143 996 3172 a·
1014 3123 1292 3187 quadrupla,
1327 3125 1414 3171 erit
1435 3125 1559 3186 ejus-

300 3189 410 3236 dem
430 3191 552 3246 latus
571 3198 751 3236 rectum
771 3187 1040 3249 principale.
1075 3236 1078 3239 ,
1111 3187 1239 3235 Cum
1261 3188 1384 3234 enim
1406 3187 1564 3234 umbi-

301 3253 422 3300 licus
445 3255 492 3309 S,
517 3253 566 3298 in
589 3253 820 3312 parabolae
841 3268 929 3299 axe
950 3251 1220 3312 reperiatur,
1241 3251 1442 3298 circulus
1452 3265 1563 3298 cen-

301 3327 375 3364 tro
396 3317 428 3363 S
441 3316 697 3376 descriptus
717 3316 984 3376 parabolam
1000 3315 1296 3363 intersecabit
1311 3315 1364 3360 in
1380 3314 1565 3362 duobus

303 3380 488 3440 punctis
508 3382 566 3426 ab
597 3395 684 3427 axe
705 3379 950 3442 aequaliter
971 3379 1262 3434 distantibus,
1296 3393 1351 3425 ac
1371 3378 1567 3438 proinde

303 3444 381 3490 axi
416 3443 655 3500 normalis,
689 3443 783 3490 ‘erit
823 3443 871 3490 R.
902 3442 951 3489 V
986 3441 1333 3490 intersectiones
1370 3441 1566 3504 conjun-

303 3523 420 3568 gens
432 3525 448 3566 ;
483 3504 626 3568 quare
663 3507 696 3554 S
716 3517 748 3566 φ
781 3509 870 3554 est'·
884 3506 984 3553 axis
1004 3515 1052 3552 et
1073 3524 1112 3553 a·
1131 3515 1290 3552 vertex
1321 3505 1565 3565 parabolae,

303 3569 400 3618 sive
435 3570 706 3633 trajectoriae
739 3569 1022 3629 perihelium
1067 3579 1117 3616 et
1155 3568 1416 3630 quadrupla
1462 3569 1494 3614 S
1531 3585 1568 3616 a·

303 3645 565 3695 parameter
596 3633 809 3680 diametri
845 3633 981 3695 cujus
1013 3651 1052 3680 a·
1071 3640 1144 3679 est
1173 3641 1332 3680 vertex
1365 3632 1562 3696 (Theor-

307 3698 384 3744 11.
411 3697 470 3744 de
491 3696 674 3758 parab)
707 3698 796 3743 hoc
819 3705 905 3754 est,
937 3697 1062 3743 latus
1083 3706 1266 3743 rectum
1294 3695 1562 3756 principale.

305 3761 418 3810 Jam
450 3761 660 3822 capiatur
689 3769 880 3822 tempus
910 3761 1064 3825 cujus*
1077 3759 1378 3808 intervallum
1405 3759 1472 3806 ab'
1485 3761 1570 3807 ob-

869 797 916 855 S,
953 798 1012 845 ad
1047 812 1202 844 aream
1239 797 1574 853 RSr;,sed‚

1605 1496 1694 1545 erit
1726 1496 1929 1560 angulus
1966 1497 2012 1544 0
2044 1455 2109 1556 ‘255⁸
2136 1497 2200 1554 R,
2234 1497 2318 1558 qui
2352 1507 2421 1544 est
2456 1493 2697 1544 inclinatio
2726 1493 2859 1556 plani

1605 1561 1882 1625 trajectoriae
1902 1561 1963 1609 ad
1983 1561 2179 1621 planum
2202 1561 2438 1621 eclipticae.

1619 2615 1874 2664 servatione
1904 2613 2069 2675 prima,
2102 2613 2221 2662 dum
2251 2621 2431 2661 cometa
2456 2616 2719 2662 versabatur
2749 2613 2800 2660 in
2825 2629 2865 2672 r,

1619 2691 1689 2729 est
1710 2681 1771 2728 ad
1790 2679 2089 2726 intervallum
2108 2679 2329 2737 temporis
2358 2678 2479 2724 inter
2506 2678 2869 2725 observationem

1619 2745 1821 2804 primam
1840 2752 1889 2792 et
1909 2743 2091 2789 tertiam
2111 2750 2169 2789 ut
2188 2756 2293 2788 area
2312 2756 2337 2788 r
2358 2742 2391 2788 S
2408 2749 2445 2790 ab
2464 2741 2525 2788 ad
2545 2757 2695 2789 aream
2719 2743 2767 2789 R.
2779 2757 2803 2787 r
2818 2743 2867 2800 S,

1621 2808 1866 2854 habebitur
1894 2805 2013 2853 illud
2042 2805 2199 2869 ipsum
2216 2815 2403 2866 tempus
2423 2820 2518 2868 quo
2539 2815 2718 2854 cometa
2750 2805 2870 2866 peri-

1621 2872 1802 2919 helium
1821 2877 2033 2930 occupat.

1689 3001 1795 3046 150.
1836 2995 1969 3043 Hinc
1999 2996 2139 3044 etiam
2170 3006 2364 3044 cometae
2394 2998 2647 3060 perigaeum
2680 2996 2871 3060 ejusque

1622 3069 1810 3120 tempus
1830 3058 2220 3108 determinabitur-4
2294 3060 2420 3108 Cum
2440 3061 2566 3108 enim
2588 3060 2723 3107 detur
2752 3071 2872 3108 tem-

1622 3138 1716 3184 pus
1736 3124 1859 3170 inter
1872 3123 2235 3172 observationem
2254 3125 2451 3183 primam
2469 3132 2515 3171 et
2529 3125 2709 3170 tertiam
2728 3124 2873 3171 inter-

1623 3196 1825 3246 ceptum,
1856 3201 1949 3247 quo
1970 3187 2146 3234 scilicet
2166 3187 2274 3234 data
2294 3202 2400 3234 area
2431 3203 2455 3233 r
2482 3190 2529 3235 R
2552 3189 2599 3240 S,
2634 3203 2664 3234 a
2692 3187 2873 3236 cometa

1623 3251 1755 3297 radio
1786 3248 1847 3298 ad
1882 3249 2041 3296 Solem
2071 3250 2211 3296 ducto
2243 3249 2528 3309 describitur,
2561 3251 2668 3298 data
2689 3265 2875 3313 quoque

1625 3313 1715 3360 erit
1745 3328 1851 3360 area
1872 3328 1969 3358 uno
1990 3312 2065 3359 die
2093 3313 2301 3360 similiter
2332 3315 2570 3376 descripta.
2644 3315 2875 3362 Praeterea

1627 3377 1777 3444 datur&
1804 3392 1839 3433 r,
1876 3377 2006 3423 locus
2042 3385 2233 3424 cometae
2268 3378 2318 3422 in
2356 3377 2671 3426 observatione
2706 3376 2871 3438 prima,

1626 3456 1771 3503 quare
1790 3440 2027 3487 dabuntur
2056 3437 2160 3487 loca
2180 3449 2371 3488 cometae
2402 3442 2452 3487 in
2474 3441 2661 3502 proprio
2682 3444 2793 3490 orbe
2803 3441 2875 3490 'ad

1628 3505 1729 3550 dies
1758 3503 1982 3566 singulos.
2056 3505 2149 3552 Sed
2180 3504 2351 3552 dantur
2381 3505 2483 3552 loca
2506 3504 2709 3553 Telluris
2728 3506 2779 3551 in
2801 3521 2876 3553 or-

1625 3565 1727 3615 bita
1748 3567 1845 3623 sua,
1869 3576 2099 3630 notusque
2114 3577 2185 3615 est
2200 3569 2312 3616 situs
2324 3573 2525 3616 mutuus
2538 3569 2658 3616 inter
2674 3568 2877 3616 Telluris

1627 3631 1827 3678 orbitam
1847 3641 1895 3678 et
1915 3641 2109 3680 cometae
2129 3632 2447 3696 traJectoriam.
2509 3633 2650 3680 Unde
2671 3635 2873 3680 innotes-

1628 3705 1703 3740 cet
1723 3704 1908 3754 tempus
1928 3711 2023 3758 quo
2046 3707 2223 3743 cometa
2244 3707 2313 3742 est
2336 3696 2493 3742 Terrae
2514 3695 2765 3756 proximus»,
2787 3697 2897 3744 boc,

1629 3769 1711 3814 est,
1729 3768 1913 3818 tempus
1927 3774 2021 3822 quo
2034 3769 2213 3808 cometa
2232 3759 2283 3806 in
2305 3761 2506 3824 perigaeo
2526 3770 2743 3809 versatur.

1549 4635 1648 4685 L2
