3384 5509
433 406 558 468 184·
1043 397 1733 464 PHILOSOPHIAE
1781 395 2329 462 NATURALIS
2396 393 3029 476 [DnMunn.,SYs1·.

432 579 676 632 motum
724 566 904 631 illum
952 567 1157 650 capita
1207 587 1460 650 semper
1507 565 1971 630 comitabuntur
2022 577 2087 628 et
2126 565 2201 626 iis
2240 563 2557 628 liberrime
2600 563 3033 627 adhaerebunt.

439 676 736 740 Gravitas
767 675 934 738 enim
964 695 1271 758 vaporum
1299 674 1368 736 in
1401 673 1613 737 Solem
1641 693 1773 736 non
1801 673 2001 758 magis
2032 672 2256 734 efficiet
2284 682 2355 734 ut
2384 671 2599 734 caudae
2628 683 2848 754 postea
2867 669 3037 733 deci-

435 784 594 849 dant
636 807 674 848 a
717 781 1025 865 capitibus
1073 781 1286 844 Solem
1313 801 1550 856 versus,
1597 777 1789 864 quam
1822 777 2093 865 gravitas
2112 779 2399 862 capitum
2430 777 2672 840 efficere
2700 777 2917 860 possit,
2964 787 3038 839 ut

432 889 576 954 haec
619 887 912 952 decidant
953 910 992 948 a
1035 885 1270 950 caudiS.
1365 885 1706 950 Communi
1742 883 2049 971 gravitate
2078 883 2178 946 vel
2218 883 2404 947 simul
2436 884 2511 946 -in
2544 882 2758 947 Solem
2788 882 3033 961 cadent,

435 997 538 1062 vel
567 995 753 1060 simul
780 994 850 1056 in
878 1015 1142 1056 ascensu
1171 1014 1288 1056 suo
1315 991 1839 1068 retardabantur3
1869 989 2139 1076 ideoque
2166 989 2437 1076 gravitas
2466 989 2575 1052 illa
2595 1010 2727 1052 non
2752 989 3035 1074 impedit,
3090 997 3094 1004 '

438 1104 566 1191 quo
609 1100 818 1166 minus
865 1100 1084 1164 caudae
1127 1111 1193 1164 et
1235 1102 1443 1186 capita
1482 1100 1861 1185 positionem
1890 1121 2329 1186 quamcunque
2358 1099 2443 1162 ad
2468 1099 2737 1163 invicem
2766 1123 2807 1162 a
2834 1100 3039 1164 causis

427 1215 563 1298 jam
605 1209 954 1294 descriptiS,
1003 1219 1114 1272 aut
1153 1207 1290 1272 aliis
1335 1207 1817 1294 quibuscunque
1844 1205 2139 1271 facillime
2170 1205 2482 1292 accipiant
2509 1217 2574 1271 et
2598 1206 3037 1292 postea‘liber-

439 1319 598 1387 rime
629 1329 894 1385 servent.
2666 1383 2675 1388 .

419 1474 428 1481 -
519 1431 774 1506 ,Caudae
817 1430 1032 1516 igitur,
1089 1449 1232 1514 quae
1281 1428 1350 1494 in
1400 1439 1787 1494 cometarum
1841 1427 2161 1513 periheliis
2210 1439 2577 1506 nascuntur,
2630 1429 2699 1492 in
2747 1429 3037 1516 regiones

436 1542 814 1628 longinquas
860 1561 1004 1604 cum
1049 1560 1270 1602 eorum
1311 1539 1620 1623 capitibus
1649 1539 1932 1615 abibunt,
1966 1551 2029 1604 et
2056 1538 2156 1601 vel
2198 1537 2347 1602 inde
2376 1551 2521 1624 post
2536 1537 2811 1625 'longam
2838 1561 3039 1602 anno—

438 1673 582 1716 rum
613 1651 837 1715 seriem
868 1670 1014 1711 cum
1041 1647 1274 1711 iisdem·
1293 1647 1392 1710 ad'
1405 1670 1524 1711 nos
1552 1647 1869 1725 redibunt,
1903 1646 2003 1710 vel
2030 1643 2241 1730 potius
2270 1645 2359 1726 ibi
2387 1646 2709 1710 rarefactae
2736 1647 3039 1732 paulatim

439 1775 829 1829 evanescent.
908 1761 1077 1824 Nam
1125 1773 1348 1844 postea
1392 1761 1458 1824 in
1505 1760 1813 1824 descensu
1864 1758 2159 1843 capitum‘
2194 1755 2279 1820 ad
2332 1755 2545 1822 Solem
2592 1757 2811 1822 caudae
2856 1779 3040 1822 novae

436 1868 850 1934 breviusculae
877 1867 1050 1931 lento
1071 1878 1249 1930 motu
1279 1890 1318 1929 a
1347 1865 1654 1951 capitibus
1683 1864 2027 1954 propagari
2050 1863 2389 1941 debebunt,
2414 1874 2477 1926 et
2498 1862 2764 1927 subinde
2787 1864 2853 1926 in
2870 1867 3038 1948 peri·-

435 1979 620 2044 heliis
663 1991 1047 2042 cometarum
1089 1977 1361 2054 illorum,
1411 1978 1520 2063 qui
1563 1977 1645 2042 ad
1690 1999 1889 2064 usque
1918 1975 2404 2062 atmosphaeram
2438 1975 2619 2040 Solis*
2630 1977 3036 2056 descendent,

436 2091 511 2169 in,
549 2090 926 2154 immensum
969 2089 1206 2175 augeri.
1296 2088 1516 2173 Vapor
1567 2089 1737 2152 enim
1786 2089 1855 2152 in
1904 2087 2119 2172 spatiis
2168 2085 2292 2150 illis
2351 2086 2685 2152 liberrimis
2732 2089 3040 2173 perpetuo

435 2199 700 2264 rarescit
741 2214 816 2262 ac
861 2197 1176 2262 dilatatur.
1266 2196 1412 2274 Qua
1456 2199 1701 2265 ratione
1742 2197 1817 2261 fit
1856 2210 1959 2260 ut·
1973 2197 2173 2261 cauda
2218 2197 2421 2262 omnis
2460 2198 2542 2261 ad
2584 2200 3042 2266 extremitatem

437 2308 830 2392 superiorem
872 2307 1058 2371 latior
1101 2307 1182 2372 sit
1225 2287 1412 2392 quam
1447 2309 1632 2393 juxta
1671 2317 1863 2392 caput
1890 2317 2171 2370 cometae.
2264 2307 2360 2372 Εὲι
2392 2321 2601 2372 autem
2630 2309 3040 2376 rarefactione

436 2440 739 2503 vaporem
779 2416 1088 2503 perpetuo
1129 2416 1458 2484 dilatatum
1489 2418 1758 2506 diffundi
1802 2417 2057 2501 tandem
2086 2430 2151 2482 et
2180 2419 2390 2506 spargi
2419 2441 2534 2504 per
2564 2419 2756 2484 coelos
2786 2421 3039 2486 univer-

396 2523 400 2528 ’
437 2549 562 2604 308,
611 2524 842 2596 deinde
883 2526 1188 2610 paulatim
1232 2527 1299 2589 in
1340 2527 1624 2611 planetas
1666 2547 1784 2610 per
1826 2525 2201 2612 gravitatem
2250 2547 2429 2589 suam
2477 2525 2726 2603 attrahi,
2776 2537 2839 2590 et
2890 2543 3061 2594 cum·

437 2657 660 2699 eorum
691 2635 1126 2720 atmosphaeris
1155 2635 1424 2712 misceri,
1470 2635 1705 2699 rationi
1738 2645 2237 2698 'consentaneum
2262 2633 2532 2718 videtur.
2623 2633 2793 2698 Nam
2822 2658 3040 2722 quem-

436 2741 782 2806 admodum
825 2743 1026 2807 maria
1076 2745 1160 2808 ad
1209 2745 1717 2832 constitutionem
1764 2743 1989 2810 Terrae
2044 2744 2231 2830 hujus
2290 2744 2549 2812 onmino
2610 2745 3036 2830 requiruntur,

445 2853 643 2938 idque
685 2864 758 2916 ut
801 2876 882 2917 ex
924 2853 1000 2917 iis
1042 2876 1159 2938 per
1200 2855 1489 2918 calorem*
1517 2854 1682 2918 Solis
1693 2876 1702 2883 ·’
1726 2875 1988 2940 vapores
2033 2852 2285 2938 copiose
2330 2854 2477 2946 satis
2508 2854 2880 2943 excitentur,
2926 2855 3037 2941 qui

435 2962 540 3025 vel
569 2961 637 3024 in
665 2961 868 3034 nubes
899 2964 1100 3027 coacti
1129 2963 1421 3028 decidant
1461 2963 1529 3026 in
1571 2963 1820 3049 pluviiS,
1858 2977 1923 3028 et
1963 2963 2233 3028 Terram
2263 2987 2515 3029 omnem
2544 2965 2627 3029 ad
2656 2966 3039 3049 procreatio-
3067 2979 3071 2982 ’

436 3097 585 3138 nem
613 3075 1060 3162 vegetabilium
1085 3077 1369 3164 irrigent
1399 3088 1462 3140 et
1489 3077 1807 3154 nutriant3
1851 3075 1953 3140 vel
1992 3075 2061 3139 in
2092 3075 2335 3162 frigidis
2364 3076 2675 3140 montium
2703 3076 3039 3140 verticibus

437 3183 804 3248 condensati
835 3187 858 3268 (
893 3185 972 3268 (Β)
1002 3195 1074 3248 ut
1105 3184 1298 3271 aliqui
1327 3207 1472 3249 cum
1497 3185 1745 3249 ratione
1771 3183 2327 3271 philosophantur)
2374 3185 2710 3249 decurrant
2736 3186 2804 3248 in
2834 3185 3035 3250 sontes

439 3305 503 3357 et
530 3293 826 3358 flumina:
859 3294 948 3357 sic
977 3294 1061 3357 ad
1091 3295 1628 3358 conservationem
1653 3295 1927 3360 marium
1958 3306 2021 3359 et
2048 3293 2391 3358 humorum
2419 3294 2483 3356 in
2514 3293 2779 3378 planetis
2801 3294 3037 3380 requiri

436 3401 732 3464 videntur
781 3413 1062 3481 cometae,
1118 3424 1202 3467 ex
1247 3424 1518 3488 quorum
1565 3403 2067 3467 exhalationibus
2118 3415 2183 3467 et
2230 3402 2564 3488 vaporibus
2617 3403 3033 3481 condensatiS,

437 3506 736 3592 quicquid
785 3507 1044 3593 liquoris
1093 3529 1210 3592 per
1254 3509 1714 3596 vegetationem
1764 3520 1827 3573 et
1879 3507 2400 3592 putrefactionem
2446 3509 2833 3572 consumitur
2870 3521 2936 3572 et
2968 3509 3039 3572 in

439 3613 709 3678 Terram
757 3613 998 3678 aridam
1043 3617 1448 3693 convertitur,
1512 3614 1813 3680 continuo
1866 3615 2145 3700 suppleri
2188 3627 2252 3680 et
2296 3615 2471 3680 refici
2527 3616 2745 3700 possit.
2865 3615 3037 3680 Nam

435 3724 806 3811 vegetabilia
837 3725 1048 3790 omnia
1076 3748 1156 3790 ex
1183 3726 1532 3813 liquoribus
1563 3726 1822 3792 omnino
1854 3740 2159 3806 crescunt,
2207 3729 2356 3792 dein
2389 3727 2621 3816 magna
2651 3750 2732 3792 ex
2760 3729 3037 3822 partein
3134 3789 3155 3813 ,

443 3832 718 3898 Terram
748 3832 988 3896 aridam
1016 3855 1134 3918 per
1159 3835 1682 3919 putrefactionem
1712 3836 1965 3912 abeunt,
2016 3850 2078 3900 et
2110 3836 2297 3900 limus
2329 3857 2409 3900 ex
2442 3835 2790 3921 liquoribus
2818 3848 3035 3921 putre.-

434 3943 615 4008 factis
657 3943 967 4029 perpetuo
1011 3945 1264 4010 decidit.
1357 3945 1538 4010 Hinc
1577 3947 1777 4010 moles
1826 3947 2049 4012 Terrae
2094 3947 2289 4010 aridae
2338 3945 2405 4008 in
2448 3945 2580 4008 dies
2624 3957 2909 4032 augetur,
2970 3958 3036 4012 et

430 4054 727 4141 liquoreS,
761 4055 884 4120 nisi
914 4053 1166 4120 aliunde
1197 4066 1608 4143 augmentum
1630 4069 1967 4133 sumerent,
1992 4051 2299 4141 perpetuo
2323 4055 2685 4120 decrescere
2706 4055 3031 4136 deberent,

443 4187 518 4228 ac
546 4164 802 4230 tandem
831 4165 1120 4248 deficere.
1200 4165 1404 4230 Porro
1437 4166 1721 4249 suspicor
1753 4166 2042 4250 spiritum
2082 4165 2282 4242 illum,
2330 4165 2439 4251 qui
2468 4165 2628 4228 ae'ris
2656 4156 2863 4230 nostri
2882 4187 3036 4250 pars

430 4274 692 4338 minima
721 4285 835 4351 est,
869 4274 981 4339 sed
1011 4274 1412 4339 subtilissima
1442 4285 1502 4338 et
1535 4276 1792 4361 optima,
1838 4287 1903 4341 et
1929 4276 2010 4340 ad
2041 4299 2255 4340 rerum
2282 4277 2565 4343 omnium
2594 4276 2784 4342 vitam
2818 4276 3036 4363 requi-

427 4382 608 4460 ritur,
641 4405 721 4448 ex
741 4383 1008 4456 ,cometis
1038 4379 1364 4468 praecipue
1384 4385 1616 4449 venire.

495 4574 566 4639 (⁸)
602 4578 629 4607 ⁸
663 4577 726 4626 Ut
743 4626 746 4631 ,
763 4579 909 4640 aliqui
945 4593 1058 4626 cum
1093 4581 1272 4626 rattbne
1302 4560 1698 4640 philosophamur.
1764 4579 2003 4626 Transact.
2046 4579 2315 4639 Philosoph.
2352 4595 2428 4627 an.
2460 4551 2598 4628 16s7.
2629 4549 2768 4630 1694.
2800 4579 2943 4633 1729.
2979 4587 3035 4628 et

430 4639 682 4689 Horumce
701 4641 1088 4702 philosophorum
1110 4643 1316 4690 rationes
1327 4641 1483 4690 videre
1499 4651 1568 4688 est
1591 4657 1694 4702 pas-
1762 4643 1985 4692 Monum.
2016 4642 2167 4692 Acad.
2196 4643 2345 4692 Paris.
2370 4659 2447 4692 an.
2480 4649 2615 4694 1703.

427 4703 518 4752 cim
551 4703 682 4766 apud
715 4719 880 4752 omnes
900 4705 1120 4754 cultiores
1149 4707 1378 4769 physicos.
1451 4705 1698 4768 Legantur
