3384 5509
507 419 592 478 22
1063 405 1753 478 PHILOSOPHIAE
1799 408 2345 476 NATURALIS
2432 410 2577 490 [Du
2608 410 2853 476 Mum».
2888 413 3073 476 sm.

972 664 1541 732 PROPOSITIO
1586 665 1824 730 XXX.
1914 665 2435 732 PROBLEMA
2478 665 2605 731 XI.

791 835 1072 903 Invenire
1095 845 1310 903 motum
1337 837 1646 900 horarium
1673 837 1961 898 nodorum
1990 836 2191 899 Lunae
2220 839 2287 900 in
2314 834 2453 900 orbe
2480 839 2818 928 circulari..

592 1002 1654 1095 DaignetSSolenuTTemm,
1704 1003 2823 1083 PLmaQNPnorbemLunoe,
2858 1004 3073 1091 an

509 1117 586 1203 (ἅ)
635 1118 959 1206 vestigium
1007 1115 1176 1183 orbis
1217 1115 1286 1178 in
1325 1111 1516 1198 plano
1545 1112 1885 1197 eclipticoe3
1932 1111 2021 1190 N,
2068 1135 2113 1176 n
2162 1113 2383 1190 nodosa,
2439 1135 2483 1176 n
2516 1113 2579 1178 T
2610 1113 2676 1184 N
2724 1137 2791 1177 m
2840 1113 3073 1178 lineam

506 1229 815 1292 nodorum
857 1225 1098 1292 infinite
1140 1223 1546 1310 productum
1594 1223 1650 1286 P
1679 1221 1737 1299 1,
1784 1221 1841 1286 Ρ
1872 1220 1939 1286 Κ
1979 1220 2429 1306 perpendicula
2456 1222 2727 1287 demissa
2764 1224 2833 1286 in
2875 1222 3069 1288 lineas

509 1337 556 1403 S
603 1337 684 1414 T,
739 1335 805 1411 Q
851 1357 931 1420 q3
980 1334 1036 1398 P
1073 1355 1120 1418 p
1169 1330 1685 1417 perpendiculum
1714 1328 2052 1394 demissum
2094 1329 2163 1392 in
2202 1329 2465 1414 planum
2492 1329 2829 1415 eclipticoe3
2873 1333 2957 1410 A,
3010 1331 3069 1398 B

507 1445 786 1532 syzygias
819 1445 1022 1536 Lunae
1050 1444 1117 1506 in
1143 1441 1335 1526 plano
1362 1439 1701 1524 eclipticae;

509 1554 571 1616 A
603 1547 668 1616 Z'
691 1547 1209 1636 perpendiculum
1236 1545 1304 1610 in
1329 1545 1562 1610 lineam
1589 1567 1707 1608 no-

507 1651 736 1720 dorum
792 1656 858 1720 N
907 1677 988 1732 113
1047 1653 1134 1732 Q,
1193 1677 1237 1739 q
1292 1653 1705 1738 quadraturas

511 1761 716 1827 Lunae
755 1762 822 1824 in
863 1761 1053 1845 plano
1081 1759 1402 1844 eclipticae,
1449 1771 1514 1822 et
1553 1779 1598 1841 p
1639 1756 1707 1822 K

505 1870 1022 1956 perpendiculum
1091 1870 1160 1932 in
1229 1867 1458 1932 lineam
1533 1866 1599 1942 Q
1663 1887 1709 1952 q

507 1977 900 2064 quadraturis
968 1976 1455 2060 interjacentem.
1589 1973 1704 2036 Vis

511 2083 676 2150 Solis
743 2084 822 2147 ad
893 2079 1390 2166 perturbandum
1462 2089 1705 2142 motum

507 2172 649 2276 (per
708 2192 900 2275 Prop.
965 2189 1218 2270 XXV.)
1293 2187 1530 2272 duplex
1587 2199 1701 2266 est,

507 2297 700 2362 altera
762 2297 944 2360 lineae
1004 2296 1061 2358 L
1121 2294 1204 2360 M
1268 2295 1335 2357 in
1392 2293 1705 2360 schemate

511 2402 964 2490 Propositionis
1023 2401 1212 2478 illiu‘s,
1271 2401 1466 2464 altera
1523 2401 1710 2464 lineae

510 2511 591 2576 M
624 2511 688 2575 T
728 2509 1230 2594 proportionalis·
1319 2509 1406 2573 Et
1435 2509 1620 2574 Luna
1647 2511 1712 2574 vi

505 2616 720 2702 priore
775 2617 840 2680 in
901 2617 1189 2694 Terram,
1249 2615 1594 2700 posteriore
1628 2616 1712 2680 in

509 2727 724 2794 Solem
797 2725 1140 2790 secundum
1211 2724 1440 2790 lineam
1520 2737 1707 2789 rectae

510 2837 558 2901 S
588 2836 653 2901 T
679 2859 717 2898 a
745 2836 950 2900 Terra
978 2835 1058 2898 ad
1090 2833 1303 2900 Solem
1346 2835 1551 2898 ductae
1579 2835 1941 2919 parallelum
1969 2836 2254 2900 trahitur.
2344 2835 2459 2899 Vis
2504 2836 2680 2920 prior
2733 2836 2792 2899 L
2825 2835 2904 2899 M
2948 2834 3074 2922 agit

367 2961 378 2970 “
505 2942 850 3008 secundum
871 2943 1129 3028 planum
1151 2944 1318 3007 orbis
1346 2943 1599 3021 lunariS,
1633 2955 1697 3007 et
1724 2957 2058 3028 propterea
2082 2945 2268 3008 situm
2296 2943 2470 3029 plani
2496 2945 2587 3010 nil
2614 2955 2833 3009 mutat.
2911 2945 3075 3008 Haec

505 3051 699 3138 igitur
725 3050 1103 3138 negligenda
1131 3062 1243 3114 est.
1331 3049 1444 3113 Vis
1470 3050 1780 3133 posterior
1813 3050 1893 3114 M
1924 3051 1987 3114 T
2017 3050 2139 3137 qufi
2167 3050 2426 3134 planum
2470 3051 2639 3114 orbis
2668 3051 2904 3114 lunaris
2933 3073 3075 3136 per-

507 3156 816 3233 turbatur,
873 3157 948 3240 (θ)
979 3156 1199 3220 eadem
1250 3167 1346 3218 est
1397 3177 1541 3218 cum
1583 3156 1644 3218 vi
1691 3167 1729 3221 3
1764 3157 1819 3222 Ρ
1852 3157 1917 3220 Κ
1944 3158 2043 3220 vel
2076 3167 2112 3222 3
2146 3158 2181 3221 Ι
2211 3157 2293 3221 Τ.
2385 3155 2453 3242 (¹)
2502 3157 2589 3221 Et
2619 3157 2758 3220 hoec
2800 3158 2895 3219 vis
2941 3163 3079 3242 (per

512 3261 702 3348 Prop.
736 3256 990 3344 XXV.)
1035 3275 1130 3328 est
1159 3262 1239 3326 ad
1269 3262 1394 3326 vim
1425 3261 1548 3349 quii
1583 3263 1768 3327 Luna
1796 3265 1863 3327 in
1893 3265 2127 3328 circulo
2156 3266 2321 3330 circa
2349 3265 2619 3331 Terram
2658 3254 3077 3352 quiescentem

508 3383 790 3455 tempore
841 3389 971 3436 suo·
1005 3371 1325 3456 periodico
1353 3369 1747 3436 uniformiter
1790 3374 2024 3437 revolvi
2052 3386 2283 3458 posset,
2336 3388 2409 3440 ut
2462 3385 2498 3440 3
2532 3375 2567 3440 Ι
2598 3377 2661 3440 Τ
2708 3375 2789 3439 ad
2836 3375 3079 3441 radium

509 3479 726 3558 circuli
753 3479 1230 3574 multiplicatum
1257 3500 1374 3564 per
1401 3501 1735 3543 numerum
1771 3488 1849 3549 17
1855 3488 2065 3560 83725,
2114 3483 2242 3546 sive
2271 3494 2341 3546 ut
2372 3481 2407 3546 I
2440 3485 2503 3547 T
2532 3484 2613 3547 ad
2642 3484 2889 3548 radium
2918 3483 3077 3546 mul-

510 3587 998 3672 tiplicatumsser
1029 3595 1173 3652 59.5
1181 3594 1282 3655 75.
1353 3588 1669 3652 Caeterum
1698 3589 1765 3653 in
1792 3589 1915 3653 hoc
1945 3592 2203 3670 calcu10‚
2236 3604 2299 3656 et
2328 3617 2405 3657 eo
2434 3594 2606 3658 omni
2639 3596 2747 3680 qui
2776 3596 3075 3680 sequitur,

508 3695 835 3760 considero
862 3695 1056 3760 lineas
1085 3716 1303 3780 omnes
1333 3719 1372 3758 a
1399 3695 1583 3763 Luna
1614 3697 1696 3760 ad
1729 3699 1939 3765 Solem
1968 3700 2185 3766 ductas
2215 3713 2511 3788 tanquam
2540 3702 2867 3788 parallelas
2897 3705 3077 3766 lineae

511 3829 654 3892 quae
681 3829 721 3870 a
750 3805 950 3871 Terra
982 3806 1064 3870 ad
1095 3806 1306 3871 Solem
1333 3805 1601 3884 ducitur,
1651 3809 1728 3892 (g)
1759 3821 2091 3894 propterea
2122 3810 2291 3898 quod
2326 3811 2645 3876 inclinatio
2675 3810 2919 3876 tantum
2948 3812 3077 3876 fere

577 3999 644 4064 (⁸¹)
681 4002 706 4030 ⁸
743 4000 988 4060 Vestigium
1007 3999 1122 4046 orbis
1140 3998 1194 4046 in
1207 3999 1350 4060 plano
1369 3999 1594 4059 eclipticae.
1647 3997 1761 4045 Hoc
1822 3998 2055 4060 periodica
2076 3999 2248 4046 revolvi
2268 4007 2435 4060 posset,
2458 4010 2514 4048 ut
2538 4005 2559 4048 1
2588 4001 2651 4048 ad
2676 4005 2780 4052 178.
2788 4005 2883 4051 725
2906 4002 3074 4066 (Prop.

513 4074 584 4112 est
612 4062 736 4110 orbis
756 4061 944 4125 genitus
961 4059 1250 4110 demittendo
1269 4075 1328 4109 ex
1347 4061 1545 4124 cingulis
1577 4061 1761 4120 punctis
1826 4062 2001 4110 XXV.
2026 4069 2123 4110 not.
2154 4061 2213 4124 ¹').
2284 4063 2430 4126 Ergo,
2473 4078 2530 4112 ex
2553 4081 2699 4128 aequo,
2740 4075 2789 4113 et
2818 4065 3079 4128 conjunctis

513 4127 674 4175 orbita
688 4126 864 4174 lunaris
877 4125 1206 4188 perpendicula
1225 4125 1286 4172 ad
1304 4127 1500 4186 planum
1515 4125 1755 4186 eclipticae.
1823 4126 2093 4184 rationibuS,
2132 4137 2202 4174 est
2222 4128 2290 4173 vis
2314 4129 2373 4174 M
2398 4129 2443 4174 T
2464 4128 2522 4174 ad
2544 4128 2639 4174 vim
2662 4127 2757 4191 qua
2781 4131 2923 4176 Luna
2960 4131 3079 4176 cirea

579 4191 650 4255 (θ)
675 4195 703 4222 ¹·
725 4193 904 4239 Eadem
927 4199 992 4239 est
1013 4207 1124 4240 cum
1144 4193 1190 4238 vi
1208 4195 1242 4238 3
1259 4193 1306 4238 Ρ
1321 4191 1376 4236 Κ
1397 4189 1564 4256 (Ptop.
1587 4189 1759 4236 XXV·
1828 4191 2025 4238 Terram
2047 4199 2254 4250 tempore
2274 4205 2361 4238 suo
2380 4191 2614 4251 pen-iudico
2644 4191 2818 4240 revolvi
2840 4203 2997 4254 posset
3026 4202 3080 4241 ut

515 4263 612 4303 not·
638 4255 702 4317 ¹¹).
1825 4263 1895 4300 est
1927 4258 1958 4298 3
1984 4254 2011 4302 I
2037 4254 2083 4301 Τ
2120 4254 2181 4301 ad
2211 4255 2395 4301 radium
2418 4253 2579 4302 circuli
2611 4256 2977 4318 multiplicatum
2998 4273 3081 4318 per

579 4318 642 4382 (f)
679 4323 706 4348 '¹'
735 4319 800 4366 Et
819 4322 915 4368 haec
935 4320 1002 4368 vis
1032 4328 1098 4367 est
1118 4321 1182 4366 ad
1199 4321 1292 4366 vim
1313 4315 1406 4380 qud
1432 4319 1575 4366 Lwta
1599 4319 1652 4366 in
1671 4317 1763 4366 cir-
1830 4321 2052 4365 las-725.
2978 4335 2983 4340 ·

515 4385 620 4431 culo
673 4385 795 4432 circu
847 4387 1036 4432 Terram
1089 4386 1393 4446 quiescentem
1443 4391 1640 4442 tempore
1681 4397 1763 4430 wo
1890 4381 1961 4443 (Β)
1999 4384 2027 4412 *
2066 4385 2311 4444 Propterea
2345 4385 2466 4443 quod
2496 4385 2733 4432 inclinatio
2765 4385 2953 4434 tantum
2966 4383 3081 4448 fer?

508 4449 732 4510 periodica
751 4449 1043 4511 uniformiter
1061 4449 1227 4495 revolvi
1241 4455 1404 4508 posset.
1463 4445 1554 4492 vis
1577 4443 1627 4492 T
1640 4445 1701 4492 Μ
1826 4447 1997 4494 ”tinuit
2017 4447 2199 4510 effectus
2221 4463 2375 4494 omnes
2404 4449 2457 4495 in
2488 4450 2713 4510 aliquffius
2734 4452 2908 4498 casibus
2934 4459 3077 4511 quan-

516 4517 586 4557 aet
621 4509 682 4557 ad
719 4511 811 4556 vim
853 4512 910 4558 M
935 4510 980 4558 L
1017 4520 1074 4557 ut
1103 4517 1174 4558 est
1203 4516 1236 4557 5
1262 4509 1305 4557 Ρ
1323 4509 1382 4555 -Κ
1413 4509 1510 4556 sive
1530 4515 1560 4556 3
1585 4509 1609 4555 Ι
1638 4509 1686 4556 Τ
1705 4507 1767 4555 ad
1828 4509 1929 4557 tum
1948 4517 2085 4569 auget
2105 4511 2159 4558 in
2176 4512 2295 4558 aliis.
2356 4510 2577 4571 Exempli
2598 4510 2759 4574 gratia,
2783 4513 2878 4560 sint
2898 4513 3011 4560 nodi
3032 4513 3081 4558 in

515 4573 702 4625 radium
733 4573 900 4638 (Prop.
927 4575 1134 4622 XXVI.
1173 4583 1272 4621 not.
1303 4573 1404 4632 1.);
1435 4573 1506 4618 vis
1537 4573 1596 4620 M
1620 4573 1666 4620 L
1698 4581 1772 4620 est
1829 4571 2135 4633 quadraturis,
2170 4582 2492 4637 specteturque
2514 4575 2657 4624 Luna
2674 4576 2725 4622 in
2748 4577 2935 4636 punctis
2971 4577 3016 4624 P
3035 4583 3081 4622 et

405 4665 410 4672 ·
516 4637 578 4686 ad
613 4638 710 4686 vim
745 4636 842 4702 qua
878 4639 1020 4686 Luna
1055 4639 1178 4686 circa
1216 4637 1410 4685 Terram
1447 4645 1654 4698 tempore
1679 4651 1771 4684 suo
1838 4637 1885 4684 R
1906 4635 2147 4700 aqu-liner
2164 4653 2195 4686 a
2214 4638 2509 4702 quadraturis
2532 4639 2584 4687 N
2604 4647 2652 4687 et
2672 4655 2705 4686 n
2736 4640 3016 4690 distantibus
3035 4647 3081 4686 et
