3384 5509
472 409 596 468 iss
1079 377 1763 468 PHILOSOPHI'AE
1808 398 2355 468 NATURALIS
2415 399 2559 478 [DE
2580 397 2828 464 Mun».
2853 397 3042 464 sm.

1501 671 1851 740 LEMMA
1894 672 2013 738 VI.

472 845 580 910 Ex
619 845 938 908 observatis
979 846 1212 928 aliquot
1253 846 1398 908 locis
1439 855 1676 908 cometae
1718 847 1989 907 invenire
2031 847 2215 907 locum
2258 843 2380 927 ejus
2422 845 2509 906 ad
2548 853 2772 926 tempus·
2799 845 3047 926 quodvzs

1421 953 1835 1028 inte-maedam
1863 953 2087 1019 datum.

559 1140 912 1226 Designent
955 1137 1027 1202 H
1069 1139 1124 1217 Ι,
1170 1138 1205 1202 1
1240 1138 1324 1216 Κ,
1379 1137 1441 1202 Κ
1473 1137 1551 1216 L,
1600 1138 1659 1203 L
1691 1137 1772 1202 M
1815 1151 2097 1222 tempora
2138 1138 2303 1202 inter
2343 1137 2807 1202 observationes
2854 1139 2928 1202 H
2958 1139 3043 1216 A,

474 1249 509 1312 I
548 1248 624 1325 B,
676 1246 741 1311 K
774 1246 849 1324 C,
898 1247 956 1310 L
1000 1247 1090 1322 D,
1139 1245 1219 1310 M
1263 1245 1322 1312 E
1365 1246 1723 1316 observatas
1768 1247 2041 1332 quinque
2081 1243 2502 1334 longitudines
2546 1259 2825 1323 cometae,
2874 1247 2947 1311 H
2998 1249 3046 1311 S

643 1481 688 1544 b
816 1481 928 1545 2b
1060 1480 1172 1544 sb
1299 1479 1413 1543 4b
1549 1479 1663 1544 5b

793 1674 828 1717 c
955 1661 1062 1716 20
1176 1662 1282 1716 30
1409 1661 1516 1716 4ο

883 1824 926 1888 d
1056 1823 1172 1892 fid
1301 1824 1417 1890 Sd

1037 2019 1072 2060 e
1157 2004 1263 2060 ‘le

469 2411 718 2486 tempus
773 2400 987 2464 datum
1030 2399 1194 2464 inter
1239 2399 1732 2484 observationem
1772 2399 2043 2484 primam
2092 2409 2156 2463 et
2203 2397 2663 2485 longitudinem
2708 2396 3054 2482 quaesitam.

472 2507 558 2570 Et
615 2508 698 2570 si
723 2528 839 2591 per
895 2518 1129 2591 puncta
1187 2506 1270 2584 A,
1325 2507 1406 2584 B,
1459 2506 1535 2584 C,
1590 2507 1678 2583 D,
1736 2505 1796 2572 E
1854 2505 1999 2569 duci
2057 2503 2443 2593 intelligatur
2498 2525 2687 2567 curva
2744 2503 3051 2590 regularis

473 2618 535 2680 A
569 2617 626 2680 B
661 2616 716 2680 C
747 2616 816 2680 D
849 2615 947 2692 E3
980 2627 1044 2679 et
1067 2637 1185 2701 per
1215 2615 1482 2681 Lemma
1511 2615 1795 2698 superius
1835 2614 2187 2678 inveniatur
2214 2613 2351 2702 ejus
2382 2611 2718 2676 ordinatim
2748 2609 3061 2696 applicata

473 2721 538 2786 R
574 2725 638 2798 S,
675 2722 796 2785 erit
828 2722 890 2784 R
924 2723 970 2785 S
996 2721 1326 2809 longitudo
1355 2721 1632 2807 quaesita.

419 2842 424 2844 ’
559 2827 805 2906 Eadem
847 2827 1148 2895 methodo
1189 2851 1272 2892 ex
1301 2827 1642 2894 observatis
1672 2826 1946 2914 quinque
1985 2822 2415 2898 latitudinibus
2452 2820 2763 2894 invenitur
2788 2821 3059 2890 latitudo

475 2935 557 2999 ad
586 2946 831 3018 tempus
861 2934 1095 2997 datum.

556 3043 632 3128 (⁸)
669 3043 738 3108 Si
767 3042 1230 3130 longitudinum
1257 3042 1720 3114 observatamm
1751 3063 1965 3128 parvae
1995 3041 2119 3106 sint
2148 3039 2533 3166 differentiae,
2565 3034 2716 3124 puta
2744 3037 3061 3125 graduum

469 3162 713 3214 tantum
743 3159 782 3214 4
815 3150 914 3214 vel
946 3159 1020 3226 53
1055 3149 1411 3213 suffecerint
1439 3151 1901 3214 observationes
1932 3161 2057 3213 tres
2085 3148 2185 3212 vel
2214 3112 2483 3232 quatuor
2508 3145 2591 3209 ad
2618 3145 3061 3208 inveniendam

467 3257 930 3346 longitudinem
971 3269 1035 3322 et
1073 3257 1466 3326 latitudinem
1507 3281 1755 3325 novam.
1848 3257 1964 3324 Sin
2002 3257 2267 3341 majores
2308 3255 2433 3323 sint
2474 3253 2883 3332 differentiae,
2904 3251 3063 3340 puta

468 3367 782 3456 graduum
817 3376 896 3432 10
926 3367 1028 3430 vel
1058 3374 1163 3446 20,
1197 3366 1520 3432 debebunt
1547 3367 2009 3433 observationes
2040 3367 2313 3455 quinque
2340 3365 2642 3429 adhiberi.

465 3627 475 3635 ·
553 3605 573 3668 (
577 3603 626 3666 ²)
671 3607 777 3654 13⁷.
827 3607 854 3636 ’
901 3607 954 3654 Si
993 3605 1339 3668 longitudinum
1374 3607 1732 3662 observaturum,
1796 3607 1956 3668 plures
1992 3605 2331 3655 observationes
2362 3613 2411 3654 et
2444 3605 2710 3682 parabolam
2738 3603 2951 3670 plurium
2980 3601 3063 3648 di-

385 3709 390 3713 -
475 3670 623 3730 (Im-0²
655 3683 739 3729 per
774 3677 874 3718 not.
916 3669 969 3718 in
1011 3671 1120 3722 cor
1161 3668 1404 3730 praeced.)-
1475 3671 1736 3720 methodu-
1796 3671 2111 3728 mensionum,
2143 3670 2219 3721 vel
2248 3685 2332 3732 per
2350 3679 2442 3718 tres
2461 3669 2802 3721 observationes
2822 3667 3063 3716 duntaxat

477 3732 736 3780 Lemmatis
763 3733 1080 3792 praecedentis,
1110 3749 1218 3794 quae
1249 3734 1498 3781 methodus
1527 3734 1733 3796 inter-po·
1797 3744 1845 3782 et
1875 3734 2141 3795 parabolam
2162 3733 2388 3798 conicum,
2423 3734 2495 3783 uti
2515 3734 2626 3782 fecit
2648 3733 2884 3780 Helleius.
2956 3731 3061 3777 Ve-

471 3796 702 3844 lationum
732 3797 826 3843 dici
855 3797 988 3853 solet,
1021 3797 1074 3844 ἰιι
1103 3799 1243 3844 rebus
1273 3797 1592 3845 astronomicis
1614 3813 1729 3845 usus

471 3861 640 3908 habere
671 3869 821 3921 potest
854 3861 1064 3912 eximios.
1137 3861 1281 3910 Hanc
1301 3860 1576 3910 methodum
1596 3861 1727 3912 adhi-

471 3925 576 3972 buit
595 3924 766 3971 clariss.
791 3925 1006 3971 Meiems
1025 3925 1163 3972 Tom.
1187 3924 1262 3971 11.
1287 3925 1552 3974 Comment.
1579 3926 1729 3973 Acad-

478 3989 714 4048 Petropol.
730 3987 790 4036 ad
805 3988 1133 4050 Investiganda
1143 3987 1453 4036 solstitiorum
1467 3990 1729 4044 Momenta.

476 4051 614 4105 Circe
645 4061 831 4113 tempus
863 4051 1046 4099 solstitii
1077 4054 1377 4107 observentur
1407 4053 1576 4116 aliquae
1613 4054 1735 4102 Solis

472 4115 742 4164 altitudines
773 4115 1058 4174 meridiane,
1091 4115 1287 4178 illusque
1321 4117 1445 4165 Solis
1463 4117 1735 4164 altitudines

469 4189 800 4240 repraesentent
819 4179 1033 4242 quaedam
1051 4180 1289 4240 ordinatae,
1312 4190 1360 4227 et
1381 4189 1588 4243 tempora
1609 4183 1731 4228 inter

471 4245 808 4292 observationes
825 4245 980 4304 elapsa
994 4243 1310 4292 ordinatarum
1331 4245 1586 4292 intervallis
1599 4245 1729 4292 exhi-

406 4337 414 4342 ·
471 4309 680 4354 beantur.
743 4307 934 4356 Deinde
949 4317 1151 4356 transeat
1171 4309 1385 4368 parabola
1405 4323 1490 4369 per
1511 4309 1728 4358 extremi-

471 4382 588 4418 tates
629 4371 960 4429 ordinatarum,
1004 4373 1204 4419 abscissa
1257 4387 1365 4434 quae
1405 4373 1732 4432 correspondet

469 4435 679 4482 minimae
699 4437 935 4492 ordinatae,
969 4438 1160 4496 tempus*
1173 4435 1354 4483 solstitii
1386 4435 1724 4484 determinabit.

476 4499 708 4546 Caeterum
759 4499 943 4547 definiri
993 4501 1144 4562 ‘potent
1188 4511 1373 4561 tempus
1413 4499 1595 4548 solstitii
1645 4515 1733 4562 per

1791 3797 1902 3846 rum
1937 3799 1988 3848 in
2016 3813 2315 3862 quocumque
2351 3813 2459 3848 oesu
2496 3798 2769 3848 adhiheatur
2802 3793 3060 3856 interpola-

1794 3862 1979 3915 tionum
2000 3853 2261 3917 methodus,
2293 3872 2475 3923 oportet
2495 3861 2777 3910 differentias
2798 3861 3061 3908 observatas

1794 3926 2071 3974 sensibiliter
2102 3927 2301 3988 majores
2339 3941 2439 3973 esse
2474 3927 2703 3972 erroribus
2735 3925 2816 3986 qui
2858 3924 2909 3970 in
2950 3919 3079 3982 ipsa,

1796 3990 2110 4041 observatione
2132 3989 2359 4038 committi
2390 3999 2597 4051 possunt,
2631 3986 2723 4036 hac
2742 3997 2899 4036 autem
2922 3986 3057 4033 adhi-

1797 4053 1893 4100 bita
1930 4054 2057 4111 curii,
2092 4054 2201 4102 satis
2244 4063 2455 4100 accurate
2496 4052 2793 4100 determinari
2833 4058 3061 4112 poterunt

1796 4117 1997 4178 plurima
2026 4117 2318 4165 astronomiae
2349 4119 2659 4178 phaenomena
2688 4132 2795 4178 qum
2824 4114 2919 4162 alia
2948 4113 3060 4176 qui-

1764 4231 1770 4236 ,
1798 4180 1905 4228 dem
1928 4181 2003 4230 via
2019 4181 2171 4229 forent
2188 4181 2493 4228 determinem
2510 4179 2800 4228 difficillima.
2844 4179 2969 4240 Eleg
2969 4192 3057 4224 an-

1792 4245 2028 4293 tissimum
2050 4246 2257 4308 ejusdem
2278 4244 2485 4291 methodi
2514 4243 2782 4303 exemplum
2805 4195 2969 4290 deditg
2953 4240 3056 4287 exi-

1791 4323 1922 4420 ξιιιωῗ
1930 4303 3049 4452 Ἰξὲοῗζῖῐὲεέωῐξὲῗεῖῒηυὲἐῧυὲἔὲιιιὲΐέἰ

1792 4436 1908 4484 dum
1930 4437 2120 4512 exponit
2140 4451 2197 4482 ex
2219 4435 2440 4483 mensura
2469 4435 2674 4496 plurium
2698 4433 2943 4482 meridiani
2971 4445 3050 4478 αι·-

1791 4515 1937 4549 euum
1956 4501 2009 4547 in
2030 4501 2079 4548 di
2082 4500 2222 4547 versis
2241 4499 2565 4548 latitudinibus
2586 4496 2733 4559 capti.
