3384 5509
303 426 530 491 Lama
562 414 929 505 Tannum]
1026 419 1513 489 PRINCIPIA
1558 376 2304 487 MATHEMATICA'.
2669 387 2673 393 “
2766 430 2884 490 201

296 596 460 663 nihil
502 595 743 682 patitur
780 614 866 659 ex
902 611 1249 679 corporum
1288 590 1599 657 motibus:
1642 591 1754 655 illa
1795 590 2032 657 nullam
2061 592 2341 656 sentiunt
2367 588 2780 655 resistentiam
2809 614 2891 657 ex

300 702 817 791 omniproeseutia
870 697 993 766 dei.
1113 700 1331 766 Deum
1389 722 1707 765 summum
1762 698 2114 765 necessario
2171 702 2438 765 existere
2487 700 2555 763 in
2606 700 2892 768 confesso

300 826 433 880 est:
491 826 559 878 et
612 813 837 891 eadem
890 812 1261 877 necessitate
1318 832 1547 894 semper
1602 822 1700 875 est
1755 821 1822 874 et
1877 811 2109 895 ubique.
2242 808 2434 875 Unde
2485 809 2673 873 etiam
2724 822 2892 874 totus

300 934 399 989 est
427 924 524 987 sui
561 922 797 1003 similis,
844 932 1013 987 totus
1056 921 1296 999 oculuS,
1330 932 1499 985 totus
1542 920 1732 998 auria,
1767 931 1934 985 totus
1965 921 2312 999 cerebrum,
2344 932 2512 985 totus
2540 919 2888 997 brachium,

300 1040 474 1095 totus
512 1028 609 1093 vis
654 1027 983 1106 sentiendi,
1044 1028 1456 1115 intelligendi,
1497 1040 1569 1093 et
1610 1027 1860 1115 agendi,
1914 1027 2025 1093 sed
2065 1048 2244 1093 more
2283 1028 2541 1092 minime
2585 1026 2886 1105 humano,

298 1160 480 1203 more
534 1134 795 1203 minime
866 1158 1196 1223 corpore0,
1268 1156 1447 1201 more
1504 1135 1689 1201 nobis
1760 1156 2020 1221 prorsus
2075 1136 2415 1225 incognito·
2534 1136 2632 1205 Ut
2685 1160 2892 1202 caecus
2980 1188 2990 1203 ,

297 1270 433 1312 non
474 1248 667 1314 habet
706 1246 915 1313 ideam
947 1248 1249 1328 colorum,
1294 1248 1385 1313 sic
1420 1270 1541 1313 nos
1584 1248 1790 1313 ideam
1831 1270 1964 1311 non
2006 1247 2308 1313 habemus
2349 1248 2706 1328 modorum,
2753 1252 2893 1335 qui-

298 1358 424 1423 bus
475 1360 631 1423 deus
684 1359 1181 1443 sapientissimus
1234 1358 1423 1423 sentit
1467 1370 1533 1425 et
1586 1357 1880 1446 intelligit
1926 1359 2160 1423 omnia.
2267 1358 2554 1443 Corpore
2598 1360 2774 1424 omni
2823 1372 2895 1424 et

302 1464 511 1553 figura
557 1464 862 1551 corporea
904 1486 1167 1552 prorsus
1210 1466 1593 1545 destituitur,
1636 1464 1910 1551 ideoque
1953 1464 2152 1529 videri
2192 1450 2337 1528 non‘
2362 1474 2590 1551 potest,
2633 1488 2754 1531 nec
2783 1489 2896 1531 au·-

304 1574 451 1652 diri,
498 1596 619 1639 nec
648 1574 853 1661 tangi,
900 1594 1032 1640 nec·
1060 1576 1179 1639 sub
1224 1564 1431 1661 spe'cie
1472 1575 1564 1640 rei
1607 1574 1868 1661 alicujus
1898 1594 2222 1660 corporeae
2251 1576 2372 1639 coli
2415 1576 2619 1641 debet.
2709 1574 2894 1640 Ideas

300 1682 610 1746 habemus
652 1682 1091 1763 attributomm
1128 1684 1287 1768 ejus,
1334 1680 1447 1747 sed
1486 1682 1643 1769 quid
1686 1684 1782 1747 sit·
1815 1682 1908 1747 rei
1949 1682 2210 1769 alicujus
2254 1683 2600 1770 substantia
2636 1682 2893 1748 minime

308 1788 763 1875 cognoscimus.
870 1786 1175 1853 Videmus
1220 1786 1467 1853 tantum
1512 1809 1854 1873 corporum
1897 1788 2134 1876 figuras
2183 1800 2250 1853 et
2293 1788 2554 1868 coloreS,
2607 1788 2896 1854 audimus

302 1895 552 1961 tantum
595 1918 805 1976 sonna,
858 1896 1175 1984 tangimus
1222 1894 1472 1963 tantum
1524 1897 1886 1983 superficies
1927 1910 2241 1977 externas,
2293 1898 2620 1965 olfacimus
2667 1900 2894 1965 odores

303 2000 495 2082 solos,
529 2015 592 2069 et
618 2015 944 2091 gustamus
974 2026 1265 2089 sapores:
1310 2004 1562 2069 intimas
1590 2005 1968 2069 substantias
1996 2007 2174 2070 nullo
2203 2028 2410 2084 sensu,
2447 2005 2619 2071 nulla
2651 2007 2898 2072 actione

301 2112 539 2179 reflexa
586 2114 1062 2201 cognoscimu53
1126 2125 1192 2177 et
1240 2095 1477 2177 multo‘
1492 2109 1702 2177 mimis
1745 2112 1954 2177 ideam
2002 2110 2308 2177 habemus
2357 2113 2720 2177 substantiae
2771 2112 2895 2177 dei.

305 2215 513 2284 Hunc
554 2218 993 2307 cognoscimus
1035 2218 1432 2283 solummodo
1474 2240 1591 2303 per
1616 2218 2032 2303 proprietates
2059 2218 2193 2303 ejus
2223 2230 2285 2281 et
2313 2218 2628 2295 attributa,
2675 2230 2739 2282 et
2779 2240 2898 2303 per

300 2328 789 2413 sapientissimas
818 2339 884 2391 et
910 2326 1177 2411 optimas
1206 2346 1421 2390 rerum
1450 2336 1789 2391 structuras
1819 2336 1882 2389 et
1911 2346 2126 2390 causas
2157 2324 2398 2403 finaleS,
2425 2316 2487 2392 ἔῐ
2513 2325 2902 2413 admiramur

306 2436 397 2499 ob
436 2433 889 2520 perfectionem
938 2454 1313 2499 veneramur
1356 2444 1567 2497 autem
1610 2444 1674 2497 et
1719 2431 1982 2495 colimus
2025 2432 2110 2495 ob
2154 2432 2521 2498 dominium.
2613 2433 2899 2499 Colimus

305 2545 479 2625 enim
518 2553 592 2607 ut
630 2540 818 2618 servi,
866 2551 931 2605 et
958 2539 1129 2605 deus·
1146 2540 1281 2605 sine
1308 2538 1609 2616 dominio,
1638 2536 2054 2622 providentia,
2099 2551 2166 2605 et
2195 2540 2392 2607 causis
2423 2540 2714 2606 finalibus
2741 2540 2902 2607 nihil
3006 2558 3010 2561 ·

306 2626 485 2715 aliud
526 2660 621 2713 est
660 2645 853 2733 quam
894 2646 1095 2715 fatum
1124 2658 1188 2711 et
1212 2657 1458 2713 natura.
1550 2645 1615 2711 A
1657 2641 1824 2708 caeca
1853 2646 2222 2711 necessitate
2261 2646 2708 2734 metaphysica,
2755 2671 2900 2736 quae

304 2760 523 2845 utique
564 2758 783 2825 eadem
822 2766 925 2823 est
969 2776 1216 2842 semper
1258 2767 1325 2819 et
1366 2755 1617 2842 ubique,
1662 2753 1838 2819 nulla
1876 2754 2082 2821 oritur
2117 2778 2332 2821 rerum
2359 2757 2640 2822 variatiO.
2731 2758 2900 2824 Tota

204 2858 220 2867 ”
300 2886 521 2931 rerum
564 2865 961 2929 conditarum
1000 2884 1123 2949 pro
1163 2862 1319 2927 locis
1348 2884 1421 2926 ac
1450 2861 1840 2947 temporibus
1869 2860 2218 2941 diversitaS,
2251 2860 2333 2928 a'b
2361 2863 2538 2941 ideis,
2585 2876 2651 2927 et
2677 2864 2902 2928 volun·-

298 2984 437 3035 tate
482 2973 647 3037 entis
690 2970 1044 3035 necessario
1086 2970 1409 3035 existentis
1454 2969 1852 3035 solummodo
1895 2969 2050 3035 oriri
2091 2970 2314 3055 potuit.
2405 2970 2660 3035 Dicitur
2687 2984 2898 3035 autem

302 3080 465 3145 deus
510 3104 627 3165 per
672 3080 1037 3167 allegoriam
1080 3079 1311 3158 videre,
1359 3079 1596 3157 audire,
1643 3080 1838 3167 loqui,
1886 3079 2111 3157 ridere,
2134 3103 2393 3181 xamare,
2448 3081 2596 3144 odio
2639 3081 2894 3160 habere,

300 3210 561 3273 cupere,
593 3189 766 3267 dare,
800 3188 1103 3273 accipere,
1137 3188 1433 3277 gaudere,
1466 3188 1669 3267 irasci,
1703 3211 2008 3277 pugnare,
2041 3187 2366 3268 fabricare,
2414 3190 2728 3268 condere,'
2751 3212 2900 3255 con-

300 3308 567 3360 struere.
659 3296 829 3359 Nam
874 3304 1081 3360 s'ermo
1126 3295 1329 3360 omnis
1374 3296 1455 3360 de
1498 3294 1621 3360 deo
1648 3319 1689 3359 a
1717 3296 1904 3359 rebus
1942 3294 2231 3360 humanis
2272 3318 2388 3381 per
2431 3296 2900 3361 similitudinem

316 3406 595 3491 aliquam
625 3404 991 3483 desumitur,
1022 3427 1153 3469 non
1181 3404 1520 3489 perfectam
1552 3405 1825 3493 quidem,
1859 3404 1971 3469 sed
1999 3404 2330 3491 aliqualem
2357 3418 2592 3470 tamen.
2647 3406 2736 3471 Et
2761 3406 2902 3470 haec

306 3514 395 3577 de
422 3514 589 3589 De0,
620 3512 701 3575 de
731 3534 859 3599 quo
886 3512 1102 3599 utique
1130 3534 1213 3577 ex
1241 3511 1677 3597 phaenomenis
1697 3496 2129 3591 disserere,'ad
2155 3510 2618 3597 philosophiam
2646 3523 2899 3581 natura-

250 3679 255 3682 ,
304 3620 435 3683 lem
464 3620 751 3703 pertinet.

427 3728 759 3793 Hactenus
809 3724 1229 3811 phaenomena
1274 3725 1579 3791 coelorum
1628 3738 1691 3791 et
1742 3726 1934 3791 maris
1983 3724 2182 3790 nostri
2225 3746 2342 3809 per
2389 3724 2518 3789 vim
2575 3724 2901 3813 gravitatis

302 3834 591 3917 exposui,
626 3834 739 3898 sed
769 3854 1022 3897 causam
1052 3832 1376 3921 gravitatis
1404 3832 1691 3897 nondum
1721 3833 2049 3920 assignavi.
2142 3830 2366 3897 Oritur
2395 3832 2612 3917 utique
2640 3830 2778 3894 haec
2803 3834 2900 3895 vis

304 3965 347 4006 a
390 3944 577 4008 causa
621 3943 850 4030 aliqua,
898 3966 1043 4031 quae
1084 3956 1375 4030 penetrat
1404 3944 1485 4008 ad
1515 3966 1714 4017 usque
1745 3954 1958 4007 centra
1996 3940 2160 4006 Solis
2203 3952 2267 4004 et
2307 3940 2721 4026 planetarum,
2768 3941 2902 4005 sine

302 4052 553 4118 virtutis
584 4054 1039 4131 diminutione3
1083 4076 1353 4141 quaeque
1382 4068 1514 4141 agit
1541 4074 1675 4116 non
1702 4074 1822 4138 pro
1852 4050 2196 4138 quantitate
2222 4052 2664 4133 superficierum
2706 4050 2901 4135 parti-

304 4138 612 4242 cillarum,
660 4164 727 4227 in
770 4186 927 4251 quas
970 4165 1104 4253 agit
1148 4168 1247 4250 (ut
1292 4164 1498 4229 solent
1540 4184 1748 4227 causae
1788 4159 2196 4241 mechanicae)
2241 4158 2353 4223 sed
2393 4182 2514 4243 pro
2559 4162 2904 4246 quantitate

299 4272 587 4335 materiae
628 4274 843 4337 solidae
863 4308 889 4348 ,·
938 4284 1002 4339 et
1044 4275 1221 4358 cujus
1268 4273 1435 4337 actio
1475 4272 1544 4335 in
1582 4272 1920 4335 immensas
1950 4269 2274 4334 distantias
2304 4269 2584 4356 undique
2615 4272 2900 4335 extendi-

302 4392 429 4457 tur,
476 4377 897 4447 decresoendo
929 4404 1177 4467 semper
1219 4381 1287 4445 in
1331 4380 1645 4465 duplicata
1676 4381 1918 4445 ratione
1949 4378 2402 4446 distantiarum.
2499 4380 2790 4445 Gravitas
2833 4382 2901 4445 in

306 4488 524 4555 Solem
567 4494 966 4577 componitur
1010 4516 1088 4557 ex
1133 4492 1543 4579 gravitatibus
1587 4492 1655 4553 in
1701 4490 1975 4577 singulas
2009 4487 2176 4555 Solis
2215 4490 2576 4573 particulaS,
2624 4503 2694 4575 et,
2729 4513 2902 4555 rece-

311 4598 523 4663 dendo
571 4624 611 4665 a.
668 4604 815 4669 Sole
844 4603 1153 4669 decrescit
1203 4601 1491 4678 accurate
1536 4601 1604 4665 in
1657 4599 1974 4687 duplicata
2034 4600 2272 4665 ratione
2329 4600 2761 4665 distantiarum
2821 4601 2904 4665 ad
