3384 5509
345 438 576 500 Lmen
607 433 970 520 Titurius]
1072 437 1554 503 PRINCIPIA
1598 433 2342 502 MATHEMATICA.
2808 440 2931 494 113

352 601 647 670 distantia
700 611 838 690 (per
895 605 1312 672 Corollarium
1364 593 1685 692 superius)
1724 613 1817 672 e'st
1867 609 1945 671 ad
1995 599 2349 671 distantiam
2398 604 2595 670 centri
2645 603 2847 666 Lunae
2896 625 2938 665 a

253 739 262 746 ·
353 713 674 774 communi
701 704 1018 799 gravitatis
1050 719 1262 778 centro
1291 715 1516 778 ,Terrae
1545 697 1608 777 et
1639 715 1863 792 Lunae,
1894 729 1965 778 ut
1994 721 2225 782 40.788
2258 712 2341 775 ad
2370 713 2636 780 39.788:
2670 710 2935 795 ideoque

254 862 269 872 ι
353 821 648 884 distantia
693 821 999 904 posterior
1053 834 1145 911 est
1190 814 1424 905 pedum
1453 828 1919 888 -1158268534.
2008 823 2095 886 Et
2140 821 2285 886 cum
2333 820 2519 885 Luna
2563 819 2932 896 revolvatur,

352 941 644 1015 respectu
673 931 976 1007 fixarum,
1008 913 1228 1005 diebus
1261 937 1366 1008 27,
1396 931 1568 994 horis
1599 939 1659 1007 7,
1698 942 1762 994 et
1788 931 2040 992 minutis
2070 929 2286 1015 primis
2317 928 2475 1009 4333
2525 927 2694 990 sinus
2725 948 2936 990 versus

257 1065 266 1074 “
340 1039 590 1125 anguli,
639 1060 823 1123 quem
853 1038 1039 1103 Luna
1081 1051 1364 1122 tempore
1405 1040 1630 1103 minuti
1658 1041 1843 1102 unius
1871 1040 2057 1122 primi
2086 1039 2399 1116 describit,
2444 1049 2539 1102 est
2571 1043 2932 1114 12752341,

354 1149 662 1212 existente
709 1147 887 1212 radio
941 1157 1697 1225 1000,000000,000000.
1790 1149 1875 1211 Et
1916 1161 1986 1212 ut
2029 1149 2237 1212 radius
2282 1159 2375 1212 est
2409 1132 2499 1211 'ad
2533 1147 2701 1210 hunc
2732 1146 2937 1208 sinum

349 1279 626 1334 versum,
650 1257 762 1320 'ita
791 1268 936 1319 sunt
963 1257 1154 1339 pedes
1192 1265 1614 1322 1158268534
1664 1257 1745 1320 ad
1790 1256 1983 1346 pedes
2019 1263 2445 1326 14.7706353.
2534 1255 2719 1318 Luna
2744 1247 2938 1340 igitur

350 1364 417 1426 vi
461 1361 587 1439 illa,
637 1359 758 1446 qua
789 1363 1091 1425 retinetur
1118 1363 1188 1424 in
1219 1362 1389 1439 orbe,
1441 1363 1723 1428 cadendo
1752 1363 1819 1424 in
1848 1364 2135 1440 Terram,
2188 1376 2470 1446 tempore
2499 1362 2723 1426 minuti
2750 1363 2939 1424 unius

347 1473 541 1556 primi
586 1471 896 1536 describet
944 1472 1137 1556 pedes
1192 1479 1618 1544 1437706353.
1716 1471 1802 1535 Et
1852 1459 2140 1558 augendo
2190 1472 2353 1534 hanc
2404 1471 2533 1535 vim
2580 1473 2644 1534 in
2694 1470 2939 1544 ratione

355 1579 567 1661 17823
619 1578 699 1640 ad
754 1587 781 1641 1
798 1586 834 1646 7
842 1578 980 1662 740,
1031 1577 1364 1641 habebitur
1393 1579 1495 1640 vis‘
1515 1589 1646 1641 tota
1674 1577 1991 1664 gravitatis
2044 1578 2109 1640 in
2160 1577 2313 1640 orbe
2344 1577 2546 1658 Lunae
2575 1599 2691 1661 per
2723 1577 2937 1640 Corol.

356 1684 707 1768 Prop.111.
787 1683 872 1746 Et
899 1683 1018 1746 hac
1045 1685 1108 1747 vi
1137 1684 1324 1746 Luna
1352 1683 1634 1746 cadendo
1656 1695 1936 1768 tempore
1965 1683 2188 1745 minuti
2216 1683 2401 1746 unius
2421 1682 2609 1768 primi
2630 1682 2940 1745 describet

349 1791 547 1874 pedes
585 1796 1014 1856 14.8538067.
1108 1789 1195 1853 Et
1223 1789 1304 1853 ad
1335 1789 1779 1877 sexagesimam
1810 1797 2047 1873 partem
2080 1790 2388 1855 distantiae
2426 1791 2629 1854 Lunae
2660 1815 2697 1854 a
2726 1803 2939 1855 centro
2994 1775 3005 1784 ⁸

354 1897 600 1974 Terrae,
653 1897 721 1961 id
765 1887 858 1962 est
895 1898 976 1961 ad
1021 1898 1374 1962 distantiam
1402 1899 1641 1983 pedum
1675 1907 1796 1967 197
1804 1907 2053 1967 896573
2100 1923 2139 1962 a
2178 1911 2393 1963 centro
2424 1902 2663 1978 Terrae,
2712 1923 2937 1985 corpus

355 2029 554 2092 grave
611 2017 891 2090 tempore
947 1993 1172 2071 minuti
1233 2009 1417 2071 unius
1475 2007 1735 2072 secundi
1794 2009 2081 2072 cadendo
2142 2009 2450 2074 describet
2506 2011 2691 2075 etiam
2745 2012 2939 2096 pedes

365 2121 788 2184 14.8538067.
883 2115 1164 2202 Ideoque
1191 2116 1273 2180 ad
1303 2117 1660 2180 distantiam
1701 2117 1934 2202 pedum
1968 2127 2326 2196 19615800,
2373 2142 2514 2204 quae
2542 2131 2686 2183 sunt
2716 2121 2939 2193 Terrae

356 2223 842 2287 semi-diameter
883 2223 1235 2301 mediocris,
1290 2245 1480 2310 grave
1524 2224 1805 2288 cadendo
1849 2224 2159 2288 describet
2197 2225 2387 2309 pedes
2438 2235 2465 2289 1
2480 2235 2617 2290 5.11
2635 2233 2779 2304 175,
2828 2250 2939 2290 seu
3056 2253 3062 2260 ·

353 2330 550 2414 pedes
585 2338 684 2406 15,
721 2329 850 2415 dig.
885 2338 942 2406 1,
990 2341 1054 2393 et
1091 2330 1200 2392 lin.
1221 2332 1373 2408 '43⁴0
1467 2330 1599 2394 Hic
1637 2330 1755 2394 erit
1783 2331 2113 2395 descensus
2159 2353 2491 2414 corporum
2521 2333 2586 2394 in
2615 2332 2940 2397 latitudine

353 2440 670 2526 graduum
716 2448 820 2504 45.
913 2439 998 2503 Et
1045 2461 1160 2523 per
1189 2439 1466 2502 tabulam
1491 2439 1951 2524 praecedentem
2001 2441 2067 2502 in
2118 2439 2307 2523 Prop.
2342 2440 2507 2520 XX.
2542 2441 2936 2525 descriptam,

315 2612 322 2618 ,
359 2547 695 2616 descensus
747 2547 864 2610 erit
912 2545 1104 2630 paulo
1153 2547 1352 2630 major
1395 2545 1462 2608 in
1508 2545 1840 2610 latitudine
1885 2545 2155 2610 Lutetiae
2206 2546 2587 2622 Parisiorum
2636 2547 2940 2610 existente

363 2675 620 2721 excessu
665 2657 840 2742 quasi
885 2655 930 2738 ξ
979 2656 1250 2740 partium
1297 2655 1498 2718 lineae.
1612 2655 1848 2718 Gravia
1892 2653 2084 2740 igitur
2128 2677 2243 2738 per
2288 2653 2412 2716 hoc
2458 2667 2823 2738 computum
2873 2656 2939 2718 in

385 2765 689 2828 atitudine
733 2763 1003 2829 Lutetiae
1047 2763 1331 2827 cadendo
1379 2765 1446 2825 in
1499 2770 1693 2828 va'cuo
1736 2763 2091 2828 describent
2133 2775 2413 2848 tempore
2455 2765 2639 2828 unius
2684 2766 2941 2831 secundi

352 2871 548 2956 pedes
585 2870 968 2934 Parisienses
1003 2878 1104 2946 15,
1137 2870 1265 2957 dig.
1303 2877 1357 2947 1,
1391 2881 1456 2932 et
1479 2869 1590 2932 lin.
1623 2870 1746 2950 4253
1777 2869 2038 2933 circiter.
2116 2870 2203 2934 Et
2230 2871 2281 2934 si
2312 2871 2581 2957 gravitas
2622 2873 2940 2946 minuatur

355 2977 700 3042 auferendo
749 2977 880 3040 vim
931 2976 1360 3062 centrifugam,
1415 2998 1555 3060 quae
1607 2977 1807 3039 oritur
1856 3000 1894 3039 a
1943 2989 2120 3040 motu
2168 2977 2395 3040 diurno
2448 2978 2668 3041 Terrae
2718 2978 2785 3039 in
2833 2979 2941 3042 illa

354 3086 704 3162 latitudine,
759 3085 972 3172 gravia
1022 3084 1111 3147 ibi
1163 3083 1448 3146 cadendo
1478 3083 1832 3149 describent
1875 3097 2156 3168 tempore
2184 3086 2409 3149 minuti
2454 3087 2637 3150 unius
2685 3089 2941 3152 secundi
3042 3113 3045 3120 ·

353 3195 550 3280 pedes
585 3204 687 3272 15,
719 3195 845 3280 dig.
882 3202 940 3272 1,
973 3203 1036 3256 et
1062 3193 1171 3257 lin.
1209 3197 1308 3274 Ιῇ.
1398 3192 1484 3256 Et
1509 3191 1628 3256 hac
1657 3193 1983 3276 velocitate
2012 3169 2237 3279 gravia
2270 3194 2538 3256 cadeie
2520 3217 2585 3256 in
2614 3194 2940 3260 latitudine

361 3303 634 3368 Lutetiae
667 3324 856 3386 supra
885 3313 1206 3380 ostensum
1235 3313 1328 3364 est
1357 3301 1438 3364 ad
1471 3301 1665 3387 Prop.
1700 3301 1815 3365 IV.
1848 3313 1911 3365 et
1940 3301 2140 3366 XIX.

357 3464 366 3480 .
445 3416 642 3478 Corol.
692 3424 751 3477 8.
842 3412 1158 3477 Distantia
1185 3411 1514 3476 mediocris
1560 3423 1915 3476 centrorum
1946 3410 2165 3476 Terrae
2211 3423 2275 3476 et
2318 3411 2521 3476 Lunae
2563 3413 2629 3474 in
2676 3415 2939 3500 syzygiis

360 3524 564 3587 Lunae
595 3535 690 3587 est
719 3524 1044 3610 sexaginta
1072 3515 1704 3587 semi-diametrorum
1732 3522 2147 3585 maximarum
2177 3521 2419 3598 Terrae,
2475 3520 2726 3606 dempta
2757 3525 2943 3588 trice-

356 3630 512 3694 sima·
558 3642 737 3716 parte
790 3631 1262 3696 semi-diametri
1313 3631 1575 3696 circiter.
1666 3631 1754 3696 Et
1808 3632 1875 3694 in
1934 3632 2327 3717 quadraturis
2386 3631 2591 3696 Lunae
2648 3633 2941 3698 distantia

263 3802 270 3806 .
355 3737 689 3802 mediociis
721 3738 1063 3802 eorundem
1107 3750 1464 3802 centrorum
1493 3749 1588 3800 est
1616 3740 1743 3822 60}
1773 3739 1955 3800 semi·
1958 3737 2397 3801 diametrorum
2439 3738 2681 3802 Terrae.
2772 3738 2942 3802 Nam
2984 3787 2997 3802 .

353 3844 457 3908 hae
488 3844 633 3908 duae
663 3844 975 3908 distantiae
1007 3857 1152 3908 sunt
1195 3844 1277 3908 ad
1324 3843 1681 3907 distantiam
1710 3843 2089 3906 mediocrem
2122 3843 2323 3908 Lunae
2366 3843 2432 3906 in
2477 3843 2823 3907 octantibus
2868 3858 2942 3909 ut

357 3953 464 4015 69
473 3962 536 4013 et
567 3957 648 4018 70
679 3950 762 4013 ad
791 3955 914 4031 69}
947 3973 1060 4033 per
1093 3950 1283 4033 Prop.
1319 3949 1654 4014 XXVIII.

447 4057 643 4119 Corol.
678 4066 737 4121 9.
829 4057 1146 4120 Distantia
1173 4056 1504 4119 mediocris
1533 4067 1892 4120 centrorum
1922 4056 2143 4121 Terrae
2194 4069 2256 4120 et
2307 4057 2509 4122 Lunae
2558 4059 2625 4121 in
2676 4059 2938 4144 syzygiis

358 4161 564 4226 Lunae
615 4175 712 4224 est
757 4161 1082 4248 sexaginta
1131 4162 1308 4226 semi·
1317 4161 1762 4226 diametrorum
1810 4163 2217 4232 mediocrium
2249 4163 2470 4227 Terrae
2511 4186 2653 4227 cum
2696 4165 2937 4230 decima

355 4278 535 4350 parte
565 4267 1056 4354 semi-diametri.
1150 4268 1237 4332 Et
1263 4269 1330 4330 in
1361 4269 1753 4354 quadraturis
1784 4269 1989 4333 Lunoe
2018 4270 2309 4335 distantia
2348 4270 2678 4334 mediocris
2710 4293 2939 4337 eorun-

357 4376 504 4439 dem
555 4389 913 4440 centrorum
971 4390 1065 4442 est
1121 4379 1445 4464 sexaginta
1495 4389 1559 4440 et
1607 4379 1792 4441 unius
1850 4378 2475 4443 semi-diametrorum
2532 4377 2939 4446 mediocrium

263 4531 266 4536 .
359 4481 601 4562 Terrae,
635 4482 886 4568 dempta
917 4483 1226 4550 tricesima
1257 4497 1434 4568 parte
1465 4485 1955 4550 semi-diametri.

1601 4796 1708 4844 114
