3384 5509
466 3686 656 3734 diversis
685 3687 1009 3735 latitudinibus
1038 3687 1161 3734 inter
1191 3703 1241 3734 se
1263 3687 1396 3734 diffe-

409 3783 421 3794 .
466 3760 591 3808 runt,
630 3760 677 3798 et
711 3761 781 3798 est
805 3749 1167 3799 semi-diameter
1193 3751 1398 3798 maxima

465 3816 724 3874 §ecundum
753 3827 1032 3878 aequatorem
1061 3815 1121 3862 ad
1151 3815 1397 3862 minimam
2818 3837 2826 3844 ·

465 3880 725 3926 secundum
756 3881 901 3940 polos,
938 3880 1034 3926 sive
1066 3879 1116 3925 in
1149 3879 1397 3926 latitudine
2643 3914 2648 3915 γ
2886 3867 2929 3908 ²·

481 421 605 482 114
875 467 892 478 x
1116 417 1797 494 PHILOSOPHIAE
1844 416 2392 484 NATURALIS
2432 413 2577 496 [DE
2602 414 2851 482 Mmtn.
2878 415 3096 480 Srsr.

571 593 772 658 Corae.
809 599 908 658 10.
998 592 1078 657 In
1107 593 1372 680 syzygiis
1404 593 1610 656 Lunae
1655 593 1736 676 (Ρ)
1780 589 2115 674 parallaxis
2144 590 2275 674 ejus
2304 587 2707 652 horizontalis
2734 587 3096 652 mediocris

479 695 548 760 in
576 685 1010 764 latitudinibus
1037 698 1348 783 graduum
1375 708 1441 775 ο,
1479 708 1581 775 30,
1616 707 1720 775 38,
1753 705 1859 774 45,
1895 705 1999 774 52,
2032 705 2137 774 60,
2173 705 2277 772 90,
2310 706 2405 760 est
2432 695 2555 762 57'.
2586 695 2733 771 20²²,
2764 695 2886 764 574
2920 697 3090 772 16''.

482 802 605 868 57'.
643 803 781 878 14“,
815 804 937 870 574
973 799 1112 880 12··”,
1147 805 1269 870 574
1306 805 1446 878 10'',
1483 805 1604 871 574
1637 804 1741 880 8'',
1774 803 1896 870 57'.
1929 803 2029 881 41².
2061 799 2424 886 respective.

571 906 650 994 In
693 906 792 972 his
834 908 1400 992 computationibus
1432 908 1864 972 attractionem
1894 907 2311 994 magneticam
2340 907 2563 970 Terrae
2602 925 2733 970 non
2778 905 3086 972 conside-

478 1014 629 1089 ravi,
685 1014 780 1098 cuj
789 1037 860 1078 us
889 1011 1103 1100 utique
1132 1013 1444 1100 quantitas
1474 1037 1782 1099 perparva
1832 1025 1926 1077 est
1976 1024 2040 1076 et
2084 1013 2427 1100 ignoratur.
2520 1013 2589 1078 Si
2632 1012 2885 1098 quando
2913 1014 3081 1080 verb

399 1181 404 1186 .
479 1119 616 1184 haec
654 1119 942 1184 attra‘ctio
981 1120 1343 1208 investigari
1368 1121 1620 1205 poterit,
1666 1131 1730 1184 et
1770 1141 2083 1208 mensurae
2110 1118 2423 1206 graduum
2466 1117 2535 1182 in
2574 1118 2941 1196 meridiano,
2994 1141 3080 1184 ac

479 1227 900 1314 longitudines
949 1226 1370 1312 pendulorum
1421 1224 1897 1325 isochronorum
1946 1226 2015 1288 in
2064 1224 2326 1288 diversis
2374 1223 2705 1310 parallelis,
2766 1222 3079 1312 legesque

474 1352 758 1399 motuum
785 1333 996 1410 maris,
1043 1344 1106 1396 et
1145 1332 1482 1416 parallaxis
1515 1333 1719 1396 Lunoe
1763 1353 1905 1395 cum
1950 1331 2269 1395 diametris
2312 1329 2755 1414 apparentibus
2791 1329 2955 1394 Solis
3004 1344 3077 1396 et

478 1444 681 1508 Lunae
711 1465 792 1506 ex
817 1443 1248 1527 phaenomenis
1277 1441 1624 1506 accuratitis
1656 1441 2084 1524 determinatae
2114 1439 2378 1506 suerint:
2412 1440 2490 1524 (q)
2514 1439 2726 1504 licebit
2754 1439 3073 1504 calculum

477 1552 646 1620 hunc
675 1573 927 1616 omnem
957 1551 1302 1617 accuratifis
1332 1563 1630 1637 repetere.

823 1767 1394 1836 PRoPosmo
1439 1746 1853 1834 xxxvm.
1944 1765 2465 1836 PROBLEMA
2510 1749 2709 1834 XIX.

1203 1939 1488 2002 Invenire
1501 1941 1782 2024 figuram
1810 1940 2080 2022 emporis
2107 1939 2327 2002 Lunoe.

561 2108 630 2174 Si
679 2130 906 2193 corpus
949 2109 1168 2174 lunare
1208 2110 1474 2173 fluidum
1518 2121 1684 2175 esset
1734 2110 1819 2175 ad
1866 2111 2063 2176 instar
2088 2111 2281 2176 maris
2308 2109 2528 2188 nostri,
2574 2108 2665 2175 vis
2710 2105 2932 2198 Terrae
2974 2105 3063 2172 ad

469 2216 733 2282 fluidum
763 2219 917 2282 illud
970 2220 1034 2283 in
1085 2221 1368 2303 Partibus
1419 2234 1480 2284 et
1525 2219 1750 2284 citimis
1796 2231 1861 2284 et
1910 2216 2145 2284 ultimis
2175 2218 2546 2284 elevandum
2594 2229 2757 2282 esset
2800 2217 2885 2280 ad
2929 2216 3062 2280 vim

471 2322 694 2400 Lunae,
748 2323 870 2409 quei
900 2346 1073 2388 mare
1103 2337 1383 2390 nostrum
1432 2325 1500 2388 in
1549 2325 1831 2409 partibus
1882 2337 1945 2390 et
1990 2326 2112 2390 sub
2164 2325 2351 2391 Luna
2400 2336 2467 2390 et
2516 2324 2721 2390 Lunae
2750 2323 3059 2409 oppositis

401 2427 406 2440 '
469 2429 790 2506 attollitur,
843 2431 915 2513 (¹)
967 2442 1038 2496 ut
1083 2431 1352 2517 gravitas
1403 2430 1807 2497 acceleratrix
1859 2432 2064 2498 Lunae
2114 2433 2182 2496 in
2235 2432 2504 2500 Terram
2550 2431 2639 2498 ad
2686 2433 3061 2518 gravitatem

534 2599 603 2666 (Ρ)
649 2607 751 2648 123.
824 2605 851 2634 ¹·
887 2605 1143 2650 Parallaoeis
1167 2601 1322 2650 Lunae
1342 2558 1638 2652 horizontaiis
1669 2603 1721 2650 in
1808 2606 1869 2654 ad
1900 2603 2319 2655 semi-diametrum
2350 2603 2603 2652 maximam
2643 2603 2690 2651 Τ
2726 2603 2761 2652 S
2794 2622 2866 2650 =
2908 2607 2949 2660 1,
2990 2599 3060 2650 ita

467 2665 656 2712 diversis
677 2665 999 2713 latitudinibus
1031 2681 1112 2712 seu
1135 2666 1364 2714 distantiis
1395 2670 1454 2714 ab
1487 2677 1723 2730 aequatura
1807 2669 1939 2716 sinus
1958 2677 2084 2715 totus
2103 2669 2163 2716 ad
2184 2669 2343 2718 sinum
2362 2669 2526 2730 anguli
2550 2669 2597 2715 T
2618 2667 2663 2715 L
2688 2668 2739 2724 S,
2760 2668 2845 2729 qni
2866 2677 2937 2714 est
2956 2667 3051 2718 57‘.

468 2729 763 2776 determinari
795 2739 956 2790 potest.
1031 2729 1284 2777 Parallaxis
1318 2731 1473 2780 Lunae
1505 2733 1720 2778 horizon·
1807 2731 1909 2780 20¹¹.
1971 2733 2033 2779 In
2056 2732 2158 2778 aliis
2182 2733 2335 2779 Lunae
2354 2732 2471 2778 locis
2490 2731 2719 2778 minuitur
2740 2731 2983 2792 pai-allatis
3004 2731 3056 2777 in

467 2791 572 2840 talis
603 2803 672 2838 est
703 2792 961 2840 differentia
981 2793 1189 2840 locorum
1221 2793 1272 2838 in
1302 2795 1472 2854 quibus
1497 2795 1638 2841 Luna
1666 2794 1719 2842 in
1804 2793 1969 2842 eadem
2001 2793 2098 2842 fere
2129 2797 2307 2844 ratione
2327 2811 2382 2843 ac
2412 2795 2765 2842 aemi-diametri
2800 2795 2972 2851 Terrae,
3008 2803 3057 2841 et

467 2855 704 2904 horizonte
725 2856 887 2916 posita,
925 2871 981 2904 ex
1021 2867 1180 2904 centro
1212 2865 1260 2904 et
1292 2858 1534 2917 superficie
1559 2860 1719 2907 Terrae
1804 2860 1913 2906 hinc
1949 2859 2179 2920 prodeunt
2212 2860 2467 2920 parallaxes
2504 2859 2554 2906 in
2592 2858 2917 2907 latitudinibus
3032 2887 3058 2900 -

468 2923 702 2968 observata
724 2921 845 2966 inter
881 2919 1038 2966 stellas
1075 2920 1191 2966 fixas
1227 2919 1517 2980 conspicitur.
1591 2923 1717 2988 Haec
1802 2921 1951 2970 duum
1980 2931 2027 2970 O.
2057 2929 2132 2970 30.
2160 2929 2237 2969 88.
2258 2929 2335 2972 45.
2363 2927 2442 2972 52.
2471 2929 2546 2970 60.
2574 2929 2649 2971 90.
2676 2922 2839 2984 quales
2859 2937 2889 2968 a
2912 2874 3054 2969 Νεοπ-

467 2994 626 3032 autem
646 2985 856 3031 locorum
876 2982 1096 3031 distantia
1115 2985 1308 3046 aequalis
1329 2995 1399 3032 est
1419 2986 1596 3048 angulo
1627 2989 1717 3034 sub
1801 2995 1915 3034 tono
1934 2987 2317 3046 determinantur.

465 3064 560 3111 quo
577 3047 808 3094 videretur
821 3048 1180 3094 semi-diameter
1201 3048 1355 3094 Terrae
1369 3063 1424 3096 ex
1437 3049 1542 3097 loco
1561 3051 1715 3098 Lunae
1758 3046 1767 3054 ”
1866 3049 1935 3116 (q)
1962 3055 1987 3082 ¹*
2010 3053 2180 3100 Licebit
2197 3054 2432 3100 calculum
2447 3054 2572 3100 hunc
2588 3068 2769 3100 omnem
2790 3049 3051 3098 accuratas

466 3115 714 3159 observata.
787 3112 857 3159 sit
891 3111 1032 3158 Luna
1053 3112 1101 3158 in
1123 3108 1358 3158 horizonte
1381 3115 1631 3161 constituta
1661 3115 1713 3160 in
1798 3123 2007 3176 repetere.
2058 3114 2273 3162 Theoriae
2292 3115 2509 3164 Newtoni
2527 3113 2586 3161 de
2606 3113 2765 3162 Fluxu
2778 3121 2825 3160 et
2846 3113 3049 3162 Refluxu

469 3176 543 3234 L;
587 3179 847 3223 observator
884 3177 933 3222 in
968 3168 1224 3236 superficfei
1263 3177 1483 3224 terrestris
1520 3178 1624 3226 loco
1659 3181 1709 3234 S,
1801 3179 1953 3226 Maris
1973 3179 2173 3238 plurima
2194 3179 2269 3225 hic
2300 3179 2613 3240 potuissemus
2633 3178 2903 3240 adjungere,
2934 3193 3049 3240 quo.

468 3239 658 3287 Lunam
673 3239 794 3286 intei·
813 3241 968 3288 stellas
989 3241 1154 3287 referet
1175 3241 1224 3286 in
1245 3241 1292 3296 b,
1317 3241 1396 3287 sed
1419 3240 1543 3288 idem
1557 3243 1711 3290 obser·
1796 3257 1902 3288 rum
1936 3259 2024 3304 ope
2056 3243 2257 3289 calculos
2292 3239 2552 3290 accuratiiis
2588 3252 2792 3302 repetere
2830 3240 3041 3288 licuisset.

466 3317 594 3351 vator
615 3304 664 3350 in
688 3315 846 3350 centro
871 3305 1028 3352 Terrae
1051 3305 1096 3350 T
1119 3305 1297 3364 positus
1321 3303 1514 3352 Lunam
1545 3307 1713 3355 referet
1802 3305 1981 3354 Veram
2002 3307 2241 3355 materiam
2263 3306 2543 3354 exhauriunt
2564 3305 2917 3370 elegantissimae
2936 3305 3047 3352 Dis.

464 3367 514 3414 in
547 3385 591 3414 a·
659 3369 749 3415 Est
779 3369 923 3430 igitur
964 3368 1226 3416 differentia
1269 3369 1476 3415 locorum
1521 3371 1714 3432 aequalis
1798 3370 2067 3417 sertationes
2087 3385 2203 3432 quas
2226 3370 2335 3416 Vol.
2366 3370 2473 3418 111.
2502 3369 2781 3420 addidimus.

465 3447 494 3478 a
517 3433 560 3479 L
583 3435 628 3491 b,
667 3431 747 3493 qui
784 3443 992 3494 aequatur
1029 3433 1206 3494 angulo
1245 3431 1279 3478 S
1315 3433 1358 3479 L
1397 3433 1454 3488 Τ,
1495 3436 1582 3480 sub
1617 3449 1715 3496 quo
1865 3433 1932 3497 (¹')
1969 3437 1994 3464 ²*
2032 3437 2093 3481 Ut
2110 3437 2309 3495 gravitas
2329 3436 2629 3482 accelerato-ix.
2706 3434 2777 3480 Sit
2798 3433 2858 3489 T,
2882 3432 3043 3494 globus

466 3495 824 3542 semi-diameter
849 3497 1006 3543 Terrae
1038 3511 1066 3543 e
1093 3496 1198 3542 loco
1218 3493 1373 3542 Lunoe
1398 3495 1442 3542 L
1463 3507 1709 3557 spectatur.
1803 3497 1961 3546 Terrae
1998 3497 2143 3546 fluido
2180 3499 2289 3546 satis
2320 3497 2555 3560 profundo
2594 3497 2635 3544 E
2666 3499 2727 3555 A,
2764 3506 3039 3557 coopertus,

471 3559 561 3607 Sed
619 3560 837 3622 quoniam
897 3560 1042 3607 Terra
1112 3569 1182 3606 est
1235 3559 1402 3621 figurae

465 3623 788 3684 sphaeroidicae,
834 3623 1183 3670 semi-diametri
1215 3622 1316 3684 eJus
1347 3623 1400 3670 in
1655 3657 1693 3705 S

467 3941 570 3990 900.
619 3953 674 3990 ut
731 3949 981 3992 19658600
1031 3941 1092 3990 ad
1149 3948 1400 3992 19573000

463 4005 654 4062 circiter,
709 4015 870 4068 estque
931 4021 1092 4054 earum
1143 4006 1402 4054 differentia

465 4075 526 4119 85
533 4076 622 4118 472
678 4071 843 4136 (Prop.
905 4071 1060 4118 XIX.
1117 4069 1224 4119 Lib.
1273 4071 1396 4134 huj.)

464 4134 514 4180 in
535 4135 650 4184 aliis
658 4133 982 4182 latitudinibus
997 4135 1258 4182 differentia
1276 4135 1398 4182 inter

2878 3946 2961 4048 b.

462 4198 741 4247 diametrum
793 4201 1045 4246 maximam
1097 4208 1146 4246 et
1186 4198 1396 4273 quamvis
1451 4195 1590 4247 aliam
1643 4204 1715 4245 est

465 4263 526 4310 ad
547 4263 854 4312 differentiam
887 4263 1086 4324 priorem
1119 4263 1171 4310 in
1191 4263 1368 4310 ratione
1390 4260 1629 4324 duplicati}³
1649 4261 1711 4308 si-

464 4326 554 4372 nfis
575 4330 716 4376 totius
747 4327 806 4375 ad
839 4327 994 4373 sinum
1027 4327 1232 4390 cujusvis
1262 4327 1525 4374 latitudinis
1545 4341 1712 4388 quam-

465 4391 676 4448 proxime
699 4393 867 4456 (Prop.
892 4391 1014 4438 XX.
1037 4391 1142 4438 Lib.
1164 4391 1287 4454 huj.)
1309 4391 1420 4436 hinc
1442 4392 1490 4436 in
1513 4389 1712 4452 syzygiis

468 4453 622 4501 Lunae
643 4456 886 4516 parallaxis
906 4455 1006 4517 ejus
1027 4455 1319 4502 horizontalis
1339 4455 1598 4510 mediocris,
1622 4453 1711 4500 hoc

466 4529 550 4572 est,
581 4521 660 4566 ubi
692 4518 910 4566 distantia
929 4529 1192 4566 centrorum
1217 4519 1372 4565 Lunae
1393 4527 1440 4565 et
1463 4520 1622 4567 Terrae
1643 4524 1713 4563 est

467 4583 936 4628 semi-diametrorum
976 4582 1286 4629 maximarum
1331 4583 1490 4630 Terrae
1531 4585 1711 4630 59.366

467 4645 645 4690 circiter
660 4647 793 4708 (Cor.
811 4645 875 4705 8.)
895 4647 982 4693 sub
998 4655 1230 4707 aequatore
1246 4645 1480 4693 invenitur
1495 4643 1709 4697 dicendo,

467 4718 522 4755 ut
553 4717 622 4755 est
653 4708 868 4756 distantia
901 4709 1054 4756 Lunae
1081 4725 1110 4756 a
1133 4706 1280 4757 Terra
1307 4711 1352 4758 L
1378 4711 1411 4758 S
1429 4729 1498 4755 =
1521 4713 1711 4764 59566,

1794 4193 1945 4257 sitque
1968 4193 2029 4250 L,
2062 4191 2230 4256 globus
2252 4187 2409 4240 Lunae
2440 4197 2707 4250 tto-opertus
2726 4186 2875 4234 fluido
2911 4185 2953 4234 F
2976 4187 3035 4234 B.

1798 4259 1849 4306 Si
1868 4258 2069 4322 gravitas
2090 4256 2381 4304 acceleratrix
2402 4256 2558 4302 Terrae
2579 4255 2628 4300 in
2650 4253 2838 4299 Lunam
2856 4251 3041 4314 aequalis

1794 4332 1913 4370 esset
1934 4319 2145 4385 gravitati
2160 4317 2465 4368 accelerati-ici
2482 4318 2635 4364 Lunae
2652 4317 2700 4362 in
2720 4315 2931 4368 Terram,
2955 4316 3041 4361 hoc

1792 4395 1864 4434 est
1883 4388 1921 4434 si
1943 4386 2133 4448 aequalis
2154 4393 2271 4432 esset
2286 4383 2489 4432 materiae
2502 4382 2734 4444 quantitas
2754 4380 2807 4429 in
2830 4377 2975 4430 Luna
2994 4386 3039 4424 et

1794 4451 1845 4496 in
1870 4451 2033 4506 Ten-5,
2060 4449 2187 4510 globi
2210 4447 2306 4494 duo
2330 4449 2389 4504 T,
2418 4447 2477 4502 L,
2511 4461 2609 4492 sese
2628 4451 2961 4504 componerent
2990 4443 3039 4488 in

1794 4513 1969 4576 figuras
1988 4511 2310 4574 sphaeroidicas
2330 4511 2502 4556 similes
2522 4523 2721 4571 quamnim
2743 4523 2855 4554 axes
2890 4505 2949 4553 M
2976 4507 3037 4562 A,

1800 4579 1843 4624 B
1868 4579 1932 4633 N,
1960 4579 2167 4640 jacerent
2192 4577 2243 4620 in
2272 4574 2500 4621 directum
2534 4573 2689 4636 (106).
2764 4571 2891 4618 Cium
2915 4570 3037 4617 enim

1795 4641 1954 4687 omnia
1974 4639 2083 4686 hinc
2105 4638 2215 4686 inde
2236 4647 2468 4697 ponantur
2489 4636 2686 4697 aequalia
2704 4643 2873 4694 praeter
2893 4635 3037 4695 ipsam

1794 4705 1983 4763 molem,
2020 4703 2151 4750 nulla
2181 4712 2249 4750 est
2280 4701 2396 4749 ratio
2418 4716 2501 4748 cur
2528 4699 2691 4762 figura·
2714 4699 2810 4745 iuae
2830 4714 2926 4752 non
2948 4697 3037 4744 sint
