3384 5509
501 442 585 497 46
832 504 842 513 ,
985 404 994 411 ’
1108 434 1793 503 PHILosoPfflAE
1838 438 2385 507 NATURALIS
2432 440 2576 521 [nn
2609 442 2855 509 Mum
2892 446 3090 511 svsv.

503 616 868 692 sequentem
912 602 1324 673 Problematis
1370 612 1900 677 constructionem
1942 613 2259 679 adhibere.

2352 615 2591 681 Centro
2622 616 2701 695 C,
2748 617 3093 682 intervallo

503 716 722 803 quovis
755 714 812 779 C
841 717 930 794 D,
964 716 1348 785 describatur
1375 721 1643 785 circulus
1686 724 1747 787 B
1779 723 1839 787 E
1870 724 1925 789 F
1952 724 2041 789 D.
2132 726 2529 793 Producatur-
2570 706 2641 795 D
2674 728 2732 794 C
2760 727 2845 809 nd
2872 733 2959 809 A,
3006 742 3089 795 ut

504 825 586 889 sit
633 824 786 889 AB
831 824 914 889 ad
963 826 1114 915 AC
1161 840 1232 893 ut
1280 842 1486 895 motus

503 935 746 999 med-ius
792 936 876 1001 ad
921 937 1242 1003 semissem
1286 952 1492 1005 motus

501 1048 634 1112 veri
655 1048 1006 1127 mediocris,
1037 1048 1148 1115 ubi
1168 1050 1321 1115 nodi
1343 1062 1491 1115 sunt

502 1159 569 1223 in
587 1157 1000 1244 quadraturis,
1025 1158 1092 1222 id
1110 1171 1219 1237 est,
1245 1172 1316 1223 ut
1339 1168 1366 1222 1
1379 1167 1486 1225 9³¹.

505 1272 624 1337 ιε’.
655 1272 748 1335 1''.
773 1272 938 1334 23m.
957 1270 1041 1335 ad
1068 1278 1213 1335 19¹⁸.
1243 1272 1366 1337 ω’.
1389 1272 1488 1335 3''.
1581 1258 1638 1305 Α

501 1385 662 1449 55'‘'.
679 1404 699 1459 3
752 1394 940 1469 atque
989 1380 1134 1445 ideo
1187 1380 1246 1445 B
1299 1379 1358 1444 C
1407 1380 1485 1444 ad

501 1492 564 1556 A
595 1489 652 1557 C
695 1506 768 1557 ut
808 1502 1094 1554 motuum
1137 1488 1487 1554 differentia

499 1610 606 1667 ΟΨ.
642 1605 762 1667 31’.
787 1603 888 1666 2”.
922 1603 1103 1681 32’”.,
1137 1601 1218 1665 ad
1244 1613 1486 1665 motum

495 1708 907 1793 posteriorem
940 1715 1086 1773 198‘.
1118 1710 1241 1772 49'.
1274 1709 1372 1772 δ”.
1403 1709 1527 1773 55”
1547 1752 1565 1772 .
1611 1706 1732 1771 hoc
1763 1719 1875 1785 est,
1932 1718 2003 1771 ut
2035 1714 2063 1769 1
2102 1704 2185 1769 ad
2216 1703 2414 1787 381203
2456 1705 2603 1769 dein
2630 1726 2747 1791 per
2774 1717 3081 1791 punctum

498 1816 567 1881 D
599 1801 862 1879 ducatur
889 1813 1131 1879 infinita
1162 1812 1228 1879 G
1248 1837 1313 1903 g,
1345 1837 1486 1901 quae
1517 1826 1733 1901 tangat
1760 1812 2064 1877 circulum
2093 1813 2159 1875 in
2186 1813 2291 1888 D;
2322 1824 2385 1876 et
2414 1811 2468 1875 si
2496 1812 2779 1897 capiatur
2809 1812 3083 1899 angulus

495 2003 568 2053 rm
585 2010 686 2061 mta
702 2004 763 2052 ad
783 2014 968 2052 motum
987 2013 1256 2053 semestrem
1277 2004 1402 2058 nodi,
1425 2002 1523 2053 sive
1543 2014 1600 2053 ut
1629 2020 1660 2053 a
1689 2004 1753 2052 nd

465 2064 472 2075 ’
496 2068 530 2132 ἑ
561 2072 608 2124 b,
641 2080 690 2116 et
721 2079 881 2115 centro
919 2070 967 2115 A
1000 2068 1132 2116 radio
1155 2070 1203 2115 A
1229 2069 1279 2116 D
1301 2069 1585 2116 describatur
1617 2084 1753 2116 arcus

499 2134 552 2181 D
579 2133 626 2181 G
661 2142 708 2181 et
743 2142 955 2181 sumatur
987 2134 1088 2195 ejus
1120 2131 1256 2181 arcus
1274 2132 1521 2195 longitudo
1551 2148 1660 2195 quie
1691 2134 1755 2179 sit

497 2196 690 2259 aequalis
709 2196 832 2244 sinui
859 2196 900 2243 F
919 2196 990 2252 H,
1012 2211 1238 2243 numerus
1253 2196 1486 2259 graduum
1502 2196 1604 2258 ejus
1619 2195 1754 2243 arcus

501 2262 554 2307 D
582 2262 632 2308 G
651 2260 740 2308 erit
759 2261 860 2320 ipsa
881 2261 1080 2322 aequatio
1099 2261 1320 2321 quaesitag
1353 2276 1464 2307 nam
1485 2260 1524 2307 si
1545 2276 1753 2308 sumere-

495 2326 646 2373 turin
667 2324 845 2371 circulo
863 2324 1000 2386 cujus
1020 2323 1178 2371 radius
1197 2333 1268 2373 est
1305 2325 1346 2373 C
1387 2324 1437 2371 D
1471 2340 1608 2373 arcus
1630 2326 1683 2373 D
1708 2326 1755 2373 L

497 2389 635 2453 cujus
654 2387 904 2451 longitudo
932 2397 1053 2435 esset
1083 2388 1274 2449 aequalis
1314 2388 1355 2435 F
1392 2388 1463 2445 H,
1501 2389 1623 2435 foret
1657 2398 1757 2437 tota

496 2450 756 2513 peripheria
776 2466 860 2499 seu
881 2450 1038 2499 360⁸&
1073 2451 1136 2498 ad
1168 2466 1418 2499 numerum
1439 2453 1674 2515 graduum
1702 2453 1753 2499 in

495 2532 554 2562 eo
574 2531 684 2563 arcu
713 2517 762 2563 D
784 2517 826 2563 L
849 2524 1174 2563 contentorum
1197 2524 1252 2563 ut
1272 2530 1496 2563 numerus
1515 2516 1752 2579 graduum

495 2579 652 2627 motus
693 2580 923 2628 semestris
964 2578 1078 2627 nodi
1119 2578 1182 2627 ad
1223 2594 1474 2627 numerum
1515 2580 1751 2645 graduum

499 3792 772 3855 requietionis
801 3794 1024 3857 quaesitae,
1058 3794 1154 3843 sive
1184 3796 1472 3853 alternando,
1503 3804 1604 3845 tota
1633 3798 1757 3858 peri-

497 3858 659 3917 pheria
689 3858 750 3905 ad
781 3874 1032 3907 numerum
1068 3860 1304 3924 graduum
1335 3861 1492 3908 morsis
1525 3862 1757 3909 semestris

501 3930 558 3967 ut
588 3936 814 3969 numerus
835 3922 1066 3987 graduum
1087 3923 1224 3972 arcus
1258 3924 1308 3973 D
1334 3926 1378 3972 L
1409 3925 1471 3973 ad
1506 3941 1759 3973 numerum

498 3985 732 4046 graduum
755 3988 1030 4049 aequationis
1049 3989 1284 4051 quesitaeg
1317 3990 1398 4037 sed
1430 4005 1488 4037 ex
1519 3999 1759 4037 construc-

497 4050 627 4097 tione
645 4050 759 4097 cum
780 4052 1029 4113 longitudo
1041 4051 1178 4099 arcus
1192 4054 1245 4101 D
1267 4054 1311 4101 G
1335 4062 1548 4103 sirm-tur
1567 4055 1763 4117 oequalis

499 4112 626 4161 sinui
652 4114 694 4161 F
719 4108 792 4173 H,
827 4117 922 4164 sive
941 4116 1072 4164 arcui
1107 4116 1158 4165 D
1183 4118 1245 4175 1,
1279 4132 1503 4165 numerus
1523 4118 1759 4180 graduum

501 4177 555 4223 in
587 4192 647 4226 eo
678 4194 792 4230 arcu
833 4180 884 4227 D
908 4181 954 4228 L
987 4188 1314 4228 contentorum
1333 4190 1405 4229 est
1425 4182 1485 4229 ad
1506 4196 1759 4229 numerum

500 4241 737 4303 graduum
758 4244 809 4289 in
831 4258 944 4293 arcu
979 4244 1030 4293 D
1067 4245 1123 4293 G·
1144 4254 1472 4293 contentorum
1495 4245 1673 4295 inverse
1706 4255 1761 4293 ut

501 4320 665 4353 eorum
679 4306 962 4355 circulorum
977 4306 1110 4367 radii,
1133 4310 1224 4357 hoc
1239 4319 1310 4357 est
1328 4325 1386 4358 ex
1400 4311 1758 4365 constructione,

500 4379 559 4416 ut
579 4370 718 4418 3600.
745 4372 808 4419 ad
828 4387 1082 4421 numerum
1103 4372 1339 4435 graduum
1355 4372 1510 4420 motus
1530 4374 1763 4421 semestris

501 4433 632 4491 nodi,
653 4449 768 4497 ergo
784 4450 1008 4485 numerus
1023 4436 1258 4500 graduum
1273 4436 1410 4485 arcus
1430 4438 1480 4485 D
1503 4438 1550 4485 G
1571 4447 1642 4485 est
1661 4440 1762 4497 ipse

501 4512 732 4545 numerus
773 4500 1008 4561 graduum
1051 4501 1325 4563 aequationis
1365 4500 1604 4563 quaesitae3
1651 4502 1763 4549 satis

499 4560 652 4623 liquet
681 4572 840 4611 autem
871 4580 1034 4611 arcum
1075 4566 1122 4611 D
1152 4566 1198 4613 G
1234 4580 1490 4624 paucorum
1526 4565 1763 4627 graduum

499 4639 602 4683 esse
623 4625 804 4682 debere,
830 4639 878 4677 et
899 4644 927 4675 a
948 4627 1074 4675 linea
1095 4626 1220 4677 recta
1235 4644 1401 4689 parum
1419 4628 1631 4688 differre;
1653 4630 1765 4677 hinc

503 4689 546 4739 si
583 4689 634 4737 in
671 4699 850 4749 puncto
890 4693 940 4740 D
979 4695 1187 4755 erigetur
1209 4705 1404 4755 tangens
1440 4693 1502 4741 ad
1533 4694 1765 4741 circulum

501 4754 642 4816 cujus
661 4746 821 4801 rudius
841 4766 910 4803 est
935 4756 975 4805 C
1002 4757 1069 4813 D.
1101 4766 1406 4817 summaque
1430 4756 1481 4805 D
1508 4756 1555 4804 G
1587 4758 1638 4803 in
1659 4768 1764 4805 tau.

1814 2013 1957 2069 gente
1993 2003 2186 2067 equalis
2220 2001 2312 2064 ipsi
2348 2000 2477 2051 sinui
2516 2000 2559 2051 F
2582 2002 2673 2063 H;
2704 2002 2903 2064 perinde
2940 2019 3086 2064 prope

1814 2069 1903 2117 erit
1945 2084 1999 2116 nc
2041 2069 2079 2114 si
2122 2078 2387 2115 sumeretur
2427 2082 2484 2113 ea
2519 2066 2772 2129 longitudo
2814 2070 3083 2115 secundum

1815 2148 1977 2181 arcum
1998 2131 2159 2180 circuli
2194 2130 2325 2179 radio
2360 2132 2408 2177 A
2436 2132 2486 2179 D
2523 2132 2756 2192 descripti,
2780 2142 2831 2178 et
2852 2143 3083 2191 punctum

1822 2198 1869 2245 G
1890 2198 1987 2244 sive
2007 2197 2058 2242 in
2078 2204 2299 2259 tangente
2319 2196 2416 2241 sive
2446 2195 2497 2241 in
2528 2210 2641 2241 arcu
2662 2206 2891 2253 sumatur,
2916 2195 3084 2242 eodem

1815 2261 1869 2307 in
1897 2266 2000 2309 loco
2020 2270 2233 2307 occurret
2260 2274 2404 2321 quem
2435 2258 2682 2319 proxime3
2714 2260 2783 2306 ita
2812 2269 2870 2307 ut
2901 2275 2963 2306 ex
2994 2258 3087 2307 hac

1818 2326 2178 2381 constructione,
2199 2322 2406 2385 angulus
2431 2324 2479 2371 G
2498 2325 2540 2371 A
2568 2323 2618 2370 D
2641 2322 2779 2384 cujus
2800 2338 2937 2371 arcus
2962 2324 3012 2369 D
3034 2325 3083 2371 G

1818 2398 1889 2437 est
1909 2404 2141 2445 mensura,
2174 2386 2236 2435 sit
2266 2388 2365 2447 ipsa
2386 2386 2587 2448 aequatio
2608 2388 2819 2449 quoesita,
2852 2390 3087 2435 substrac-

1815 2452 1912 2501 tiva
1942 2454 1993 2501 in
2028 2452 2101 2499 10·
2136 2461 2185 2499 et
2216 2450 2289 2499 80.
2326 2453 2601 2513 quadrante,
2635 2448 2841 2499 additia
2860 2451 2911 2497 in
2934 2450 3007 2498 20.
3034 2462 3088 2501 et

1816 2516 1892 2563 40.
1919 2525 1969 2564 et
1986 2516 2271 2565 obtinebitur
2290 2514 2431 2577 juxta
2451 2514 2817 2577 trigonometriae
2838 2516 3082 2576 principia.

1814 2580 2014 2631 dicendo
2044 2591 2104 2629 ut
2141 2585 2188 2628 A
2215 2580 2271 2636 C,
2305 2578 2403 2627 sive
2437 2579 2595 2627 3603‘.
2621 2604 2689 2617 —
2719 2579 2811 2627 9⁸¹.
2850 2580 2943 2627 54¹.
2978 2579 3087 2627 δι”.

2250 2642 2385 2701 57”’.,
2414 2642 2479 2691 nd
2504 2643 2545 2691 C
2571 2642 2612 2691 F
2632 2643 2729 2690 sive
2754 2644 2796 2692 C
2814 2644 2879 2698 B,
2914 2658 3087 2704 nempe

2241 2706 2333 2757 9⁸².
2360 2706 2453 2757 54'·
2476 2706 2580 2755 δι”.
2608 2706 2744 2764 57’”.,
2762 2708 2853 2755 hoc
2870 2717 2953 2762 est,
2980 2718 3035 2756 ut
3054 2724 3089 2755 a

2098 2777 2159 2827 G-
2240 2771 2923 2837 —ffibadllbsiveut-ss}
2946 2772 3007 2819 ad
3034 2778 3084 2819 1.-

2244 2836 2323 2885 Ita
2343 2837 2477 2883 sinus
2508 2808 2669 2897 duplae
2700 2836 2937 2883 distantiae
2960 2837 3089 2883 Solis

2102 2874 2157 2921 G
2240 2916 2270 2948 a
2287 2900 2412 2948 nodo
2425 2900 2487 2947 ad
2498 2900 3083 2961 aequationemquaesitamz

2240 2964 2449 3011 maxima
2480 2974 2641 3011 autem
2674 2967 2763 3010 erit
2796 2965 3003 3026 equatio
3030 2966 3084 3011 in

2242 3026 2523 3085 octantibus,
2536 3030 2647 3090 quia
2662 3042 2771 3075 area
2787 3029 2835 3074 A
2857 3030 2905 3077 T
2918 3030 2957 3075 Ζ
2974 3044 3084 3091 qum

2244 3092 2559 3155 aquationem
2570 3102 2889 3153 repraesentat,
2896 3103 2968 3141 est
2978 3107 3083 3155 m·-

2104 3214 2161 3267 D
2236 3157 2315 3219 jor
2346 3158 2399 3203 in
2431 3157 2697 3205 octantibus
2727 3156 2871 3219 quem
2904 3158 2957 3204 in
2987 3154 3087 3207 db

2244 3222 2363 3268 loco.

2328 3284 2424 3331 His
2466 3284 2611 3345 probe
2650 3284 2901 3333 intellectis
2942 3283 3085 3334 facile

2244 3348 2357 3397 inde
2406 3348 2469 3395 ad
2522 3350 2749 3397 veriorem
2801 3360 3083 3411 computum

2244 3412 2492 3475 procedere
2519 3413 2689 3460 licebit.

2310 3483 2356 3524 2.
2428 3480 2557 3541 Hyp.
2632 3478 2694 3524 In
2736 3479 3085 3527 constructione

2250 3539 2565 3588 Newtoniam'i
2625 3542 2768 3601 Prop.
2829 3542 3079 3590 xxxu.

2249 3604 2453 3653 circulus
2482 3604 2665 3668 integer
2700 3606 2749 3651 N
2777 3608 2821 3654 A
2846 3622 2880 3653 n
2916 3608 2963 3654 N
2996 3606 3084 3655 de-

2251 3668 2405 3732 signat
2436 3684 2617 3716 annum
2636 3668 2885 3727 sidereum,
2918 3672 3086 3719 simul-

2253 3748 2347 3796 que
2371 3742 2553 3780 motum
2586 3734 2819 3781 nodorum
2851 3737 2901 3783 in
2934 3738 3086 3798 hypo-

1820 3797 1937 3844 thesi
1958 3794 2087 3859 quod
2113 3796 2193 3844 Sol
2214 3796 2313 3859 ipse
2334 3796 2549 3845 describit
2566 3798 2614 3844 id
2635 3798 2836 3857 spatium
2858 3814 2954 3861 quo
2970 3800 3087 3848 nodi

1820 3860 1980 3913 resera
2010 3863 2070 3909 ab
2100 3860 2203 3922 ipso
2232 3860 2506 3919 discedunt,
2540 3862 2591 3908 iu
2622 3860 2713 3909 huc
2744 3870 2903 3911 autem
2935 3865 3087 3924 hypo-

1822 3926 1940 3973 thesi
1961 3934 2117 3972 motus
2150 3925 2381 3972 nodorum
2414 3936 2485 3973 est
2519 3926 2638 3974 193‘.
2665 3926 2756 3974 49¹.
2784 3925 2855 3974 δ”.
2882 3928 2997 3975 55”’.
3036 3937 3086 3975 et

1823 3989 2015 4037 calculis
2032 3991 2199 4037 nostris
2218 4004 2303 4053 per
2322 3988 2629 4053 quantitatem
2659 3989 2695 4053 ᾗ
2722 3993 2756 4038 b
2784 3989 2880 4039 fuit
2898 4006 3087 4055 expres-

1823 4068 1946 4100 sum.

1891 4118 1941 4165 Si
1963 4126 2120 4165 autem
2141 4116 2299 4165 revera
2320 4131 2457 4165 arcus
2481 4120 2529 4165 A
2545 4118 2597 4165 N
2616 4127 2915 4179 representet
2933 4135 3085 4169 reces-

1822 4197 1929 4229 sum
1972 4182 2093 4229 Solis
2127 4198 2158 4229 s
2195 4182 2335 4239 nodo,
2373 4180 2473 4229 tam
2506 4198 2591 4243 per
2622 4193 2806 4229 motum
2842 4185 3092 4245 proprium

1826 4245 1949 4295 solis
1976 4244 2119 4307 quam
2154 4260 2236 4305 per
2272 4246 2483 4293 medium
2507 4256 2693 4293 motum
2731 4247 2860 4305 nodi,
2899 4257 3093 4308 tsi-pus

1818 4324 1919 4372 ‘quo
1950 4319 2050 4357 tota
2082 4310 2455 4357 circumferentia
2492 4311 2540 4357 N
2570 4312 2615 4357 A
2639 4326 2673 4357 u
2697 4311 2747 4357 N
2785 4311 3089 4370 describetur,

1824 4389 1922 4421 non
1942 4374 2029 4421 erit
2048 4389 2202 4421 annus
2222 4374 2441 4430 sidereus,
2456 4375 2549 4433 ,sed
2570 4384 2755 4435 tempus
2778 4375 2991 4436 elapsum
3012 4376 3092 4423 in-

1824 4446 1895 4487 ter
1926 4437 2161 4499 syzygiam
2188 4438 2309 4485 Solis
2331 4439 2533 4501 nodique
2554 4448 2602 4485 et
2622 4439 2857 4501 syzygiam
2890 4455 3095 4503 sequen-

1824 4512 1923 4549 tem
1944 4502 2063 4549 Solis
2083 4517 2192 4549 cum
2216 4502 2381 4550 eodem
2402 4504 2542 4560 nodo,
2566 4502 2770 4565 cumque
2790 4504 3096 4551 uniformiter

1826 4564 2109 4617 describatur
2130 4581 2185 4612 ea
2206 4566 2597 4623 circumferentia,
2608 4566 2837 4629 siquidem
2855 4568 2917 4615 ad
2933 4577 3096 4615 motus

1827 4630 2005 4677 medios
2025 4629 2147 4677 Solis
2166 4638 2215 4677 et
2234 4631 2464 4678 nodorum
2482 4632 2694 4688 refertur,
2710 4642 2909 4679 sectores
2924 4631 3095 4680 circuli

1832 4694 1882 4741 N
1920 4696 1968 4741 A
2004 4709 2037 4741 n
2075 4694 2124 4740 N
2166 4704 2307 4743 erunt
2345 4695 2711 4757 proportionales
2746 4697 2897 4743 motui
2932 4697 3096 4743 medio

1828 4757 2091 4816 nodorum3
2130 4758 2287 4820 itaque
2321 4758 2361 4806 si
2398 4768 2525 4807 totus
2557 4759 2761 4809 circulus
2792 4770 3097 4817 repraesentet
