3384 5509
300 418 535 497 Lmen
564 424 924 508 Tauiana]
974 428 1459 503 PRINCIPIA
1506 432 2254 507 MATHEMATICA.
2764 452 2886 511 123

296 607 497 662 untur
542 596 634 681 (id
677 608 771 667 est
808 599 969 667 vires
1018 611 1055 667 3
1089 601 1122 671 Ι
1155 601 1219 669 Τ
1258 602 1325 667 in
1368 603 1477 691 fig.
1506 624 1571 687 p.
1604 611 1710 672 22.
1741 616 1805 671 et
1835 607 1966 689 24.)
2013 620 2158 678 sunt
2185 609 2252 673 in
2283 608 2542 696 singulis
2568 613 2888 699 'puticulis

292 716 371 767 ut
400 705 709 773 distantiae
737 711 1184 792 particularum
1212 734 1251 775 a
1276 713 1468 796 plano
1502 714 1568 790 Q
1602 713 1681 791 R,
1729 728 1792 780 et
1829 715 1928 781 his
1957 717 2192 785 viribus
2233 719 2557 803 particulae
2600 720 2724 787 illae
2751 725 2888 807 pla,-

196 859 206 867 .
292 833 449 877 num
466 814 749 902 fugiunt3
780 832 843 883 et
867 810 1200 905 propterea
1230 826 1371 907 (per
1400 824 1581 889 Lem.
1608 825 1728 906 II.)
1753 826 1808 889 si
1836 829 2096 893 materia
2117 829 2332 893 annuli
2359 853 2475 915 per
2498 843 2690 897 totam
2709 835 2884 921 globi

294 927 698 1011 superficiem
755 930 822 992 in
872 950 1113 995 morem
1169 933 1395 1019 figurae
2499 944 2508 953 “

252 1044 259 1049 “
296 1035 357 1100 Ρ
378 1058 481 1121 ap
505 1039 567 1103 A
595 1040 653 1103 P
673 1062 711 1105 e
735 1032 865 1123 pE
894 1040 977 1105 ad
1006 1044 1393 1126 superiorem

290 1140 465 1206 illam
493 1144 713 1209 Terrae
739 1156 985 1229 partem
1014 1148 1396 1214 constituen-

292 1247 441 1313 dam
464 1262 885 1338 spargeretur,
918 1253 1011 1319 vis
1034 1265 1097 1318 et
1118 1255 1392 1322 efficacia

290 1369 425 1423 tota
474 1360 925 1442 particularum
976 1362 1255 1431 omnium
1308 1362 1391 1431 ad

291 1464 563 1531 Terram
621 1468 789 1533 circa
836 1469 1121 1555 quamvis
1180 1494 1392 1561 aequa-

290 1572 447 1637 toris
486 1573 861 1639 diametrum
900 1577 1250 1656 rotandam,
1297 1589 1393 1643 at-

290 1702 417 1768 que
466 1680 611 1747 ideo
656 1682 742 1747 ad
788 1684 1099 1749 movenda
1156 1664 1393 1769 puncta
1476 1730 1483 1735 -

289 1787 771 1873 aequinoctialia‚
833 1788 1127 1855 evaderet
1182 1792 1389 1856 minor

286 1893 477 1981 quam
516 1894 693 1980 prius
736 1896 803 1958 in
846 1896 1091 1963 ratione
1122 1904 1161 1961 2
1204 1898 1289 1961 ad
1324 1908 1385 1965 5.

287 2001 571 2088 Ideoque
599 2024 845 2077 annuus
866 2004 1387 2090 aequinoctiorum

282 2134 606 2199 regressus
626 2114 762 2201 jam
788 2125 952 2179 esset
972 2113 1054 2177 ad
1082 2122 1234 2179 ΞΟΠ.
1263 2122 1290 2176 1
1306 2117 1383 2179 1’.

284 2222 426 2284 46”.
461 2231 532 2284 ut
575 2229 655 2285 10
686 2220 774 2283 ad.
815 2227 1071 2288 73092:
1117 2242 1195 2284 ac
1233 2237 1383 2307 pro—

283 2326 431 2393 inde
464 2327 643 2392 fieret
673 2329 771 2394 9''.
806 2329 966 2393 56'''.
1000 2326 1144 2395 501'.
1396 2316 1412 2329 ⁶

370 2438 693 2502 Caeterum
744 2438 850 2503 hic
898 2450 1106 2505 motus
1168 2440 1249 2529 (¹²)
1301 2410 1402 2505 οἱ),

279 2542 749 2609 inclinationem
778 2547 1112 2632 aequatoris
1141 2547 1224 2611 ad
1254 2533 1517 2633 planum
1547 2548 1858 2641 eclipticae
1886 2548 2282 2629 minuenduS,
2329 2550 2519 2637 idque
2548 2550 2614 2613 in
2643 2548 2884 2614 ratione

279 2653 452 2717 sinus
484 2663 695 2724 91706
723 2658 857 2743 (qui
887 2658 1057 2721 sinus
1091 2670 1185 2733 est
1214 2658 1654 2743 complementi
1682 2659 1994 2747 graduum
2019 2656 2194 2742 2321.)
2226 2659 2306 2722 ad
2337 2659 2582 2723 radium
2607 2668 2882 2725 100000.

282 2766 433 2843 Qua
478 2769 721 2836 ratione
748 2782 956 2835 motus
996 2772 1114 2835 iste
1148 2773 1283 2857 jam
1312 2771 1423 2835 fiet
1452 2772 1552 2837 9⁰.
1586 2772 1704 2839 7'''.
1737 2769 1882 2835 201'.
1975 2768 2144 2835 Haec
2172 2750 2270 2834 est
2298 2792 2507 2833 annua
2549 2769 2884 2853 praecessio

277 2874 798 2958 oequinoctiorum
829 2898 868 2939 a
895 2876 957 2939 vi
990 2876 1153 2943 Solis
1186 2876 1472 2943 oriunda.

369 2979 485 3045 Vis
516 2990 725 3045 autem
759 2983 963 3046 Lunae
992 2982 1072 3047 ad
1104 3006 1276 3047 mare
1304 2983 1685 3047 movendum
1717 2994 1850 3048 erat
1880 2982 1963 3047 ad
1991 2983 2118 3045 vim
2151 2982 2334 3060 Solis,
2369 2993 2442 3046 ut
2470 2988 2705 3045 4.4815
2731 2978 2869 3043 adl

276 3086 548 3150 circiter.
640 3088 717 3172 (⁰)
752 3087 838 3152 Et
866 3089 959 3152 vis
991 3091 1197 3154 Lunae
1226 3091 1309 3155 aed
1336 3090 1713 3177 aequinoctia
1740 3090 2053 3155 movenda
2082 3102 2178 3153 est
2205 3089 2302 3153 ad·
2317 3089 2440 3152 vim
2490 3087 2654 3153 Solis
2683 3088 2750 3149 in
2775 3085 2886 3150 efi-

278 3192 429 3257 dem
472 3194 900 3278 proportione.
992 3195 1276 3282 Indeque
1317 3196 1533 3281 prodit
1575 3218 1784 3263 annua
1825 3196 2344 3282 aequinoctiorum
2388 3195 2721 3279 praecessio
2755 3217 2792 3257 a
2819 3192 2882 3256 vi

278 3298 488 3362 Lunae
517 3300 784 3365 oriunda
814 3303 958 3365 40⁰.
985 3304 1149 3367 52⁹2
1176 3302 1319 3367 52¹&
1343 3325 1414 3367 ac
1444 3314 1577 3367 tota
1602 3304 1939 3388 praecessio
1967 3324 2178 3367 annua
2207 3292 2256 3367 εἴ
2273 3304 2338 3365 vi
2365 3301 2634 3387 utraque
2665 3301 2881 3365 oriun-

274 3408 363 3471 da
391 3412 531 3474 5o“.
564 3412 727 3475 00’”.
766 3420 792 3473 1
805 3409 906 3475 2¹'.
996 3412 1084 3475 Et
1112 3411 1217 3476 hic
1245 3426 1453 3479 motus
1485 3436 1624 3477 cum
1654 3413 2088 3507 Phaenomenis
2117 3414 2427 3500 congruit.
2519 3412 2686 3475 Nam
2714 3433 2880 3496 prae·-

274 3520 478 3583 cessio
506 3522 1025 3607 aequinoctiorum
1053 3544 1133 3585 ex
1163 3522 1700 3589 observationibus
1732 3522 2164 3589 astronomicis
2193 3533 2288 3587 est
2317 3522 2640 3587 annuatim
2669 3520 2878 3585 minu-

274 3640 491 3693 torum
522 3632 943 3697 secundorum
972 3632 1117 3717 plus
1146 3632 1353 3697 minus
1384 3632 1852 3719 quinquaginta.

284 3720 297 3731 ’
368 3736 445 3820 (Ρ)
483 3736 551 3801 Si
594 3736 858 3801 altitudo
904 3738 1126 3806 Terrae
1157 3738 1239 3801 ad
1268 3750 1648 3823 oequatorem
1678 3747 1932 3823 superet
1961 3736 2352 3801 altitudinem
2383 3737 2514 3821 ejus
2549 3736 2630 3799 ad
2669 3735 2871 3820 polos,

271 3844 644 3909 milliaribus
673 3847 961 3930 pluribus
982 3846 1172 3934 quam
1209 3857 1235 3910 1
1250 3851 1349 3931 77¹3,
1383 3848 1643 3912 materia
1672 3849 1806 3931 ejus
1835 3846 2036 3911 rarior
2056 3846 2176 3911 erit
2202 3844 2283 3909 atl
2309 3844 2880 3911 circumferentiam

271 3953 466 4041 quam
522 3955 601 4019 ad
654 3970 970 4027 centrum:
1042 3969 1105 4021 et
1160 3957 1494 4041 praecessio
1544 3956 2066 4042 aequinoctiorum
2115 3954 2199 4023 ob
2245 3953 2642 4020 altitudinem
2699 3952 2872 4019 illam

270 4061 511 4149 augeri,
545 4062 628 4125 ob
658 4063 977 4131 raritatem
1004 4063 1271 4131 diminui
1300 4064 1505 4127 debet.

342 4231 416 4295 (¹¹)
451 4234 477 4262 ¹*
516 4234 579 4280 01>
600 4234 962 4283 inclinativam
1036 4234 1133 4283 Pro
1153 4234 1319 4297 maJ‘ori
1341 4232 1415 4280 vel
1436 4232 1527 4279 mi·
1608 4238 1822 4281 accurate
1858 4230 2089 4281 minuitur
2121 4238 2280 4287 motus
2315 4228 2395 4279 ille
2431 4226 2484 4277 in
2516 4228 2697 4279 ratione
2738 4230 2871 4279 ainus

266 4296 381 4342 nori
394 4295 689 4369 inclivtione
701 4296 828 4356 plani
843 4299 1088 4360 aequatoris
1102 4297 1160 4345 ad
1174 4299 1369 4357 planum
1384 4298 1527 4357 eelip-
1611 4301 1784 4345 91706.
1811 4297 1893 4358 qui
1905 4295 2046 4343 ainus
2066 4306 2136 4345 est
2155 4292 2486 4355 complementi
2513 4296 2750 4359 graduum
2773 4295 2872 4359 234

266 4359 381 4406 ticae
401 4359 627 4406 minorem
650 4375 750 4409 esse
766 4361 841 4407 vel
862 4362 1087 4423 majorem
1102 4377 1365 4425 regressum
1381 4361 1528 4423 aequi-
1610 4360 1670 4412 ad
1693 4359 1882 4409 radium
1910 4364 2111 4407 100000.
2406 4370 2408 4376 ’

266 4422 537 4471 noctiorum
558 4432 685 4493 patet
705 4440 761 4471 ex
787 4434 883 4473 not.
916 4429 1021 4473 101.
1050 4424 1160 4473 Lib.
1187 4427 1344 4489 hujus.
1396 4424 1531 4473 Illud
1677 4424 1748 4485 (ο)
1774 4427 1800 4455 *
1827 4426 1896 4472 Et
1916 4426 1982 4471 vis
2005 4425 2174 4471 Lunoe.
2248 4422 2382 4486 (Cor.
2412 4427 2484 4470 18.
2513 4428 2590 4472 19.
2621 4424 2734 4471 Lib.
2762 4422 2837 4485 1.)

156 4498 167 4509 “
267 4496 433 4534 autem
456 4486 805 4534 decrementum
828 4489 1078 4546 obtinetur,
1102 4490 1141 4535 si
1163 4490 1405 4537 minuatur
1425 4504 1529 4535 mo·-
1678 4487 1749 4551 (Ρ)
1771 4491 1797 4519 *
1815 4490 1866 4536 Si
1883 4490 2080 4535 altitudo
2109 4490 2282 4535 Terra.
2346 4484 2461 4543 Qua
2478 4487 2607 4533 enim
2629 4486 2768 4535 altior
2782 4488 2869 4535 erit

266 4561 351 4598 tus
372 4553 422 4597 in
444 4551 621 4598 ratione
644 4552 774 4599 ainus
790 4554 1122 4614 complementi
1138 4552 1454 4601 inclinationis
1469 4551 1531 4599 ad
1612 4552 1807 4601 materia
1836 4552 1896 4599 ad
1928 4560 2224 4613 aquatorem,
2258 4548 2318 4597 εδ
2350 4549 2494 4597 levior
2521 4550 2581 4599 sit
2601 4560 2784 4612 oportet
2812 4560 2870 4597 ut

265 4615 471 4673 radiiun.
545 4614 639 4663 Sed
674 4617 871 4679 planum
909 4617 1156 4679 aequawris
1188 4616 1438 4665 inclinatur
1465 4615 1531 4665 ad
1613 4615 1854 4663 materiam
1875 4630 1984 4678 quae
2004 4624 2243 4663 estversm
2262 4613 2394 4674 polos
2414 4614 2464 4661 in
2481 4614 2740 4676 aequilibrio
2762 4629 2868 4676 pos-

266 4678 469 4740 planum
502 4678 729 4740 eclipticae
760 4680 983 4741 gradibus
1019 4680 1117 4743 23}
1156 4680 1352 4738 circiter,
1384 4676 1530 4743 quare
1613 4678 1675 4729 sit
1703 4680 1940 4727 sustinere.
2011 4679 2246 4727 Coeterum
2269 4678 2380 4739 quia
2401 4678 2449 4725 in
2472 4680 2619 4726 tribus
2640 4694 2736 4725 non
2758 4680 2870 4727 satis

266 4742 384 4795 cim
414 4753 573 4791 motus
592 4744 979 4807 aequinoctiorum
1002 4744 1056 4792 fit
1078 4744 1387 4802 tardissimus,
1419 4743 1532 4793 satis
1613 4742 1860 4805 laudandis
1894 4737 2309 4795 Dissertationibus
2343 4740 2451 4790 Vol.
2483 4740 2591 4791 111.
2617 4743 2868 4806 adjunctis,

336 4832 460 4879 Vox..
492 4831 598 4880 111.
629 4832 761 4879 Paas
785 4831 861 4879 11.
1544 4831 1574 4878 1
