3384 5509
304 452 533 517 ana
557 452 917 531 Tannus]
970 452 1455 517 PRINCIPIA
1506 452 2248 523 MATHEMATICA.
2757 470 2789 526 1
2805 471 2831 524 1
2846 473 2884 531 7

302 641 549 683 summa
607 618 1052 704 quadratorum
1109 640 1189 713 ex
1249 606 1483 683 sinibus
1546 622 1834 685 omnibus
1895 622 1961 685 N
2013 624 2094 689 M
2145 625 2400 709 aequalis
2453 628 2571 691 erit
2626 626 2886 693 aummae

306 725 757 809 quadratorum
800 748 882 789 ex
922 724 1157 787 sinibus
1212 724 1277 787 K
1322 724 1423 801 M,
1477 737 1539 788 et
1582 748 1823 791 summa
1867 740 2140 814 utraque.
2169 733 2448 816 aequalisz
2468 735 2586 799 erit
2627 756 2885 801 smnmoe

306 833 756 919 quadratorum
799 856 880 896 ex
916 832 1175 896 totidem
1205 832 1707 902 semi-diametris
1742 834 1806 896 K
1839 834 1940 909 N;
1983 836 2522 922 ideoque‘summa
2550 842 2884 927 quadrato-

302 962 451 1005 rum
498 962 580 1003 ex
626 939 913 1002 omnibus
962 938 1028 1001 N
1075 937 1155 1001 M
1202 938 1322 1001 erit
1350 937 1545 1022 duplo
1574 940 1782 1001 minor
1810 938 1996 1025 quam
2045 964 2286 1034 summa
2313 948 2762 1033 quadratorum
2804 971 2887 1015 ex

296 1046 571 1111 totidem
601 1043 1100 1109 semi-diametris
1134 1043 1200 1107 K
1232 1044 1315 1107 N.

395 1153 542 1217 Jam
570 1150 885 1215 dividatur
911 1150 1245 1232 perimeter
1274 1148 1491 1213 circuli
1535 1150 1597 1213 A
1629 1150 1687 1213 E
1729 1151 1798 1212 in
1834 1152 2166 1234 particulas
2195 1156 2458 1221 totidem
2487 1161 2776 1245 aequaleS,
2823 1173 2888 1227 et

300 1259 393 1321 ab
421 1280 637 1321 earum
664 1278 1035 1342 unaquaque
1068 1256 1123 1319 F
1151 1256 1233 1320 ad
1260 1256 1518 1340 planum
1565 1256 1631 1331 Q
1662 1255 1724 1319 R
1751 1256 2125 1345 ‘demittatur
2149 1262 2665 1347 perpendiculum
2711 1267 2765 1331 F
2796 1268 2882 1348 G,

2089 2346 2156 2395 K.
2347 2342 2412 2397 M
2517 2344 2566 2397 1.

312 2528 388 2579 ut
419 2530 482 2581 et
512 2543 549 2583 a
575 2535 811 2605 puncto
842 2524 903 2588 A
933 2526 1449 2611 perpendiculum
1481 2527 1542 2589 A
1575 2526 1669 2591 H.
1761 2526 1846 2590 Et
1873 2527 1984 2604 via,
2019 2525 2138 2612 qua
2169 2527 2474 2610 particula
2507 2526 2562 2589 F
2590 2525 2824 2590 recedit
2865 2548 2904 2589 a

314 2625 511 2709 plano
558 2630 623 2705 Q
657 2630 738 2709 R,
786 2634 903 2697 erit
930 2646 1003 2698 ut
1030 2637 1547 2721 perpendiculum
1575 2635 1731 2699 illud
1769 2636 1823 2699 F
1857 2637 1918 2700 G
1962 2658 2076 2720 per
2105 2636 2501 2721 hypothesin,
2553 2647 2616 2699 et
2634 2634 2782 2722 „haec
2809 2634 2902 2696 -vis

320 2734 512 2799 ducta
541 2737 609 2801 in
637 2739 993 2805 distantiam
1027 2745 1083 2807 C
1116 2744 1181 2808 G
1226 2746 1304 2828 (¹¹)
1352 2746 1469 2809 erit
1498 2744 1771 2808 efficacia
1797 2734 2118 2828 particulae
2165 2746 2218 2808 F
2263 2745 2343 2809 ad
2375 2746 2636 2809 Terram
2669 2744 2904 2807 circum

323 2855 607 2906 centrum
638 2846 770 2929 ejus
802 2849 1305 2914 convertendam.
1396 2850 1677 2935 Ideoque
1707 2850 1979 2914 efficacia
2005 2850 2327 2933 particulae
2370 2850 2435 2912 in
2479 2851 2619 2912 loco
2666 2849 2740 2925 F,
2787 2848 2906 2911 erit

324 2947 406 3011 ad
437 2950 770 3017 efficaciam
792 2956 1115 3039 particulae
1142 2958 1209 3020 in
1238 2958 1379 3044 loco
1407 2958 1489 3034 A,
1523 2969 1595 3022 ut
1626 2957 1680 3019 F
1707 2956 1772 3021 G
1813 2970 1863 3021 Χ
1901 2957 1966 3022 G
1991 2956 2048 3020 C
2076 2956 2159 3019 ad
2189 2955 2252 3019 A
2277 2954 2351 3019 H
2387 2972 2438 3023 ><
2476 2956 2551 3019 Η
2577 2957 2652 3032 C,
2680 2956 2760 3039 (³)
2783 2954 2906 3017 hoc

326 3070 437 3136 est,
471 3073 542 3124 ut
574 3062 627 3125 F
662 3063 717 3126 C
747 3086 789 3149 q
818 3063 899 3127 ad
930 3066 993 3129 A
1027 3066 1083 3129 C
1113 3089 1189 3151 q;
1235 3078 1299 3131 et
1323 3078 1655 3149 propterea
1684 3064 1956 3157 efficacia
1983 3076 2116 3127 tota
2142 3064 2588 3148 particularum
2624 3062 2909 3125 omnium

324 3166 393 3229 in
441 3167 593 3232 locis
644 3170 769 3235 suis
822 3172 894 3263 F,
926 3173 1043 3236 erit
1094 3173 1175 3237 ad
1220 3174 1554 3238 efficaciam
1596 3173 2043 3257 particularum
2085 3172 2346 3237 totidem
2399 3174 2464 3236 in
2511 3174 2652 3236 loco
2702 3172 2784 3247 A,
2836 3181 2910 3233 ut

328 3298 575 3340 summa
602 3280 881 3343 omnium
915 3280 970 3343 F
1002 3280 1059 3344 C
1088 3304 1131 3366 q
1172 3281 1255 3345 ad
1299 3303 1603 3345 summam
1632 3281 1894 3344 totidem
1928 3281 1990 3344 A
2023 3282 2097 3345 C‘.
2109 3304 2169 3367 q,
2212 3280 2335 3344 hoc
2364 3294 2458 3345 est
2503 3287 2642 3366 (per
2672 3281 2749 3365 (¹)
2772 3280 2906 3365 jam

326 3384 773 3467 demonstrata)
805 3398 876 3450 ut
902 3410 1101 3451 unum
1130 3388 1212 3451 ad
1242 3386 1388 3451 duo·
1480 3387 1563 3462 Q.
1595 3410 1649 3450 e.
1681 3385 1745 3450 d.

418 3494 505 3556 Et
534 3496 827 3580 quoniam
854 3496 1177 3581 particulae
1208 3508 1402 3583 agunt
1429 3496 1784 3561 recedendo
1817 3495 2410 3580 perpendiculariter
2435 3518 2474 3558 a
2503 3493 2693 3577 plano
2725 3492 2790 3567 Q
2825 3492 2906 3567 R,

324 3598 521 3685 idque
547 3602 867 3686 aequaliter
892 3602 972 3666 ab
1002 3602 1265 3688 utraque
1292 3614 1470 3687 parte
1493 3603 1702 3687 .hujus
1731 3602 1940 3687 plani:
1988 3602 2227 3665 eaedem
2257 3612 2617 3666 convertent
2647 3600 2912 3664 circum-

327 3704 653 3771 ferentiam
683 3709 897 3773 circuli
925 3710 1278 3796 aequatoriS,
1326 3710 1507 3796 eique
1534 3709 1946 3773 inhaerentem
1978 3709 2264 3786 Terram,
2309 3708 2544 3773 circum
2571 3728 2752 3771 axem
2781 3718 2912 3769 tam

328 3820 398 3881 in
425 3820 616 3902 plano
645 3820 754 3886 illo
786 3821 851 3896 Q
885 3822 945 3884 R
975 3819 1163 3906 quam
1190 3820 1257 3884 in
1284 3822 1475 3905 plano
1504 3821 1834 3905 aequatoris
1855 3820 2184 3906 jacentem.

1389 3993 1740 4059 LEMMA
1785 3993 1877 4058 ΙΙ.

330 4166 557 4229 Iisdem
588 4170 811 4249 positis
834 4197 854 4231 .-
898 4170 1033 4233 dico
1060 4166 1311 4233 secundo
1340 4172 1499 4253 quod
1538 4170 1629 4231 vis
1656 4176 1714 4230 e!
1744 4168 2007 4255 efficacia
2037 4176 2166 4229 tota
2196 4165 2634 4249 particularum
2663 4165 2917 4226 omnium

338 4294 343 4298 ·
424 4282 597 4335 extra
618 4274 853 4357 globum
879 4277 1141 4359 undique
1164 4278 1435 4351 sitarum,
1462 4276 1548 4337 ad
1583 4275 1836 4337 Terram
1864 4274 2080 4336 circum
2107 4294 2276 4334 axem
2305 4273 2548 4334 eundem
2575 4272 2914 4343 rotandum,

338 4394 341 4399 ·
424 4381 507 4443 sit
534 4383 620 4443 ad
645 4381 761 4445 vim
790 4393 975 4445 totam
998 4385 1440 4464 particularum
1470 4383 1734 4457 totidem,
1783 4381 1849 4443 in
1878 4380 2202 4462 cequatoris
2230 4379 2450 4441 circulo
2491 4376 2555 4439 A
2580 4378 2645 4439 E
2685 4374 2922 4458 ung‘fhr-

336 4549 672 4611 quadratorum
695 4566 752 4600 ex
772 4552 993 4600 omnibus
1012 4552 1190 4601 sinibus
1214 4554 1264 4600 N
1283 4553 1356 4609 M,
1389 4549 1591 4613 ide6que
1747 4551 1815 4613 (⁰)
1841 4553 1870 4584 ¹·
1897 4553 2004 4598 Erit
2025 4552 2245 4613 efficacia.
2315 4549 2418 4610 (47.
2449 4546 2554 4594 Lib.
2585 4545 2658 4605 Ι.)

340 4630 530 4661 summa
551 4615 880 4675 quadratorum
902 4632 959 4663 ex
982 4616 1201 4664 omnibus
1221 4617 1270 4663 N
1294 4618 1371 4673 M,
1396 4616 1483 4663 erit
1502 4616 1600 4663 du-⁸
1748 4616 1820 4673 (λ)
1847 4618 1874 4645 ⁸
1897 4617 2002 4662 Hoc
2023 4622 2103 4671 est,
2137 4614 2199 4660 ob
2217 4611 2454 4675 &angula
2479 4613 2526 4659 A
2553 4611 2594 4658 C
2619 4610 2690 4666 H,
2728 4608 2770 4657 1²
2795 4610 2835 4659 C
2863 4609 2925 4667 G,

339 4678 425 4737 plo
444 4677 598 4724 minor
618 4678 758 4740 quam
783 4695 967 4729 summa
978 4678 1307 4743 quadratorum
1326 4695 1383 4727 ex
1398 4678 1593 4728 totidem
1683 4678 1867 4727 similia.

341 4741 718 4789 aemi-diametris
745 4742 793 4790 K
822 4744 883 4790 N.
1218 4780 1223 4787 .
1751 4741 1821 4806 (Υ)
1847 4747 1878 4777 ⁸
1903 4741 2108 4805 Perjam
2131 4744 2456 4789 demonstrata.
2527 4739 2688 4803 (150.)
