3384 5509
337 364 564 457 Lana
593 388 949 469 Tam-ma]
1041 386 1522 455 PmNcIPIA
1569 364 2308 479 MATHEMA'ricA.

341 564 404 611 ab
423 560 507 609 illo
525 559 778 617 discedens,
815 560 884 609 ita
901 568 958 609 ut
977 560 1079 623 ejus
1114 568 1269 609 motus
1289 559 1464 609 assumi
1483 572 1588 621 pos-

341 626 404 673 sit
423 624 554 688 quasi
573 624 703 671 fieret
721 624 775 669 in
795 640 852 673 eo
873 624 1059 673 circulo.

412 691 536 737 Nam
558 688 763 751 fingatur
799 704 904 735 eam
937 689 1032 735 vim
1069 696 1332 735 exn-aucam
1363 702 1456 735 non
1489 704 1590 737 esse

343 761 644 809 constantem,
669 751 750 798 sed
771 752 912 799 talem
932 762 999 809 ut,
1033 760 1138 811 post
1156 751 1408 799 discessum
1428 756 1592 812 corpo-

341 815 407 863 ris
430 816 473 862 P
493 832 522 861 a
541 816 716 863 circulo
743 816 790 863 A
817 817 866 862 D
894 817 936 863 Β
964 816 1002 862 C
1023 823 1209 875 propter
1229 816 1330 877 ejus
1351 816 1418 862 vis
1438 816 1588 863 extia-

343 893 445 925 neae
465 880 710 935 actionem,
735 878 969 925 residuum
987 879 1054 924 vis
1070 894 1212 940 quam
1228 890 1409 926 exercet
1425 894 1591 939 corpus

345 942 393 990 T
413 943 465 989 in
486 941 706 990 distantia
725 942 786 989 ad
804 957 944 1003 quam
965 944 1061 988 abit
1079 956 1248 1001 corpus
1288 942 1332 989 P
1367 942 1593 1007 (detracta

341 1004 403 1053 ea
439 1006 486 1053 vi
523 1006 761 1065 extranei)
800 1006 859 1051 sit
891 1020 1071 1065 semper
1091 1005 1270 1053 inverse
1291 1017 1347 1053 ut
1367 1008 1474 1053 cubi
1497 1007 1591 1053 dis-

339 1070 610 1127 tantiarum,
647 1066 824 1116 eveniet
857 1078 912 1115 ut
948 1070 1052 1131 (per
1080 1068 1216 1129 Prop.
1249 1070 1348 1117 IX.
1390 1071 1495 1117 Lib.
1542 1071 1594 1118 1.-

344 1127 580 1194 Princip.)
613 1148 778 1192 corpus
813 1132 852 1177 Ρ
885 1132 1100 1192 spiralem
1122 1134 1488 1195 logarithmicam
1511 1134 1592 1182 de-

339 1198 524 1253 scribat,
547 1198 598 1243 in
619 1196 714 1257 qud
733 1196 936 1258 angulus
951 1212 1104 1242 curvae
1126 1211 1236 1243 cum
1257 1198 1386 1244 radio
1405 1197 1465 1245 ad
1486 1213 1592 1245 cur-

337 1274 448 1307 vam
469 1260 612 1307 ducto
632 1274 812 1319 semper
832 1269 992 1307 manet
1010 1260 1164 1317 idem;
1187 1260 1347 1307 verum
1368 1263 1592 1324 quoniam

336 1326 397 1371 ab
429 1322 562 1370 initio
599 1324 669 1369 vis
704 1323 786 1369 illa
823 1333 1038 1370 extranea
1058 1322 1151 1370 fuit
1181 1334 1409 1381 constans,
1449 1326 1595 1387 liquet

336 1387 463 1450 quod
485 1387 755 1447 priusquam
777 1401 944 1446 corpus
968 1387 1011 1433 P
1032 1387 1260 1435 circulum
1283 1404 1314 1435 a
1334 1388 1366 1435 d
1386 1390 1418 1435 b
1439 1404 1466 1435 c
1485 1390 1591 1436 atti-

335 1452 471 1513 gerit,
489 1466 544 1497 ea
559 1449 627 1496 vis
638 1450 747 1510 plus
759 1452 1064 1497 imminuebat
1076 1451 1170 1497 vim
1185 1452 1434 1499 centralem
1449 1451 1592 1513 qudm

337 1524 396 1561 ut
417 1514 648 1575 decrescat
678 1512 941 1561 secundum
961 1517 1104 1571 cubos
1125 1514 1447 1562 distantiarum
1477 1531 1590 1563 auc-

335 1586 510 1633 tarum,
533 1574 732 1639 idedque
748 1577 876 1639 quod
890 1578 1052 1640 anguli
1075 1593 1229 1625 curvoe
1250 1594 1360 1624 cum
1379 1578 1510 1625 radio
1529 1580 1590 1627 ad

337 1656 531 1688 curvam
564 1640 706 1687 ducto
741 1656 923 1701 semper
959 1656 1162 1687 crescere
1198 1641 1472 1697 debuerunt,
1508 1644 1590 1691 sed

337 1704 629 1753 incremento
649 1714 873 1764 perpetuo
905 1704 1086 1749 minore
1107 1718 1202 1765 quo
1233 1705 1384 1769 magis
1413 1706 1593 1755 accedit

335 1767 512 1816 virium
527 1767 888 1817 decrescentium
901 1768 1020 1815 ratio
1040 1766 1102 1815 ad
1121 1767 1346 1815 rationem
1361 1768 1590 1819 'niversam

328 3178 444 3227 cubi
473 3178 794 3230 distantiarum
806 3196 822 3238 ;
854 3180 1094 3241 perveniet
1112 3194 1226 3242 ergo
1253 3194 1424 3240 corpus
1457 3180 1502 3227 P
1532 3179 1594 3227 ad

327 3242 566 3291 circulum
603 3258 633 3291 a
652 3244 685 3291 d
703 3246 737 3292 b
757 3258 800 3298 c,
836 3254 884 3291 et
916 3243 1120 3306 angulus
1140 3258 1294 3291 curvae
1315 3258 1424 3291 cum
1443 3242 1592 3303 radio,

328 3307 524 3367 quando
539 3308 584 3355 P
599 3306 685 3361 erit
705 3309 756 3353 in
776 3307 952 3355 circulo
970 3323 1000 3354 a
1020 3306 1053 3354 d
1073 3309 1104 3355 b
1125 3322 1166 3365 c,
1190 3307 1278 3353 erit
1289 3316 1415 3355 recto
1427 3308 1589 3370 major,

327 3370 448 3431 quia
461 3386 643 3432 semper
655 3372 800 3419 'crevit
821 3371 862 3419 is
881 3370 1087 3433 angulus
1107 3386 1136 3417 a
1156 3380 1470 3433 temporeque
1490 3386 1592 3418 cor-

327 3447 426 3493 pus
459 3435 504 3481 P
533 3435 766 3482 circulum
801 3438 847 3481 A
878 3435 928 3482 D
958 3435 1000 3481 B
1027 3434 1068 3483 C
1101 3434 1386 3482 describebat
1415 3435 1468 3481 in
1495 3450 1592 3496 quo

327 3498 540 3559 angulus
560 3496 676 3545 radii
693 3512 804 3545 cum
825 3496 968 3545 curva
979 3506 1136 3545 rectus
1156 3507 1252 3555 est;
1275 3498 1382 3546 ideo
1407 3498 1450 3545 P
1471 3498 1594 3545 ultra

327 3560 563 3608 circulum
600 3578 630 3609 a
665 3562 700 3607 d
734 3564 766 3609 b
799 3574 828 3609 c
859 3572 1053 3624 pergen
1087 3560 1200 3609 cum
1220 3570 1379 3609 autem
1405 3562 1448 3608 P
1469 3562 1594 3609 ultra

330 3623 566 3673 circulum
596 3640 624 3673 a
657 3625 689 3671 d
719 3628 754 3672 b
783 3640 811 3673 c
842 3625 1114 3686 pervenerit,
1139 3626 1360 3673 detractio
1381 3626 1448 3671 vis
1479 3640 1591 3672 con.

329 3688 498 3735 stantis
534 3688 630 3734 vim
663 3688 916 3735 centralem
951 3688 1111 3735 minus
1140 3689 1325 3735 minuet
1344 3688 1488 3751 quam
1520 3706 1592 3736 se-

329 3750 546 3798 cundum
587 3754 762 3800 cubum
791 3752 1157 3810 ·distantiarum;
1191 3752 1349 3815 itaque
1390 3754 1594 3815 ang-ulus

329 3828 493 3862 curvae
513 3830 621 3861 cnm
637 3815 770 3862 radio
781 3817 936 3863 minor
952 3816 1033 3863 flet
1046 3815 1190 3877 qudm
1211 3817 1594 3879 si'logarithmica

327 3878 515 3937 spiralis
548 3879 892 3937 describeretur,
933 3890 983 3927 et
1017 3880 1208 3926 tandem
1242 3880 1489 3927 reducetur
1531 3881 1590 3927 ad

327 3942 565 4003 angulum
585 3951 767 3990 rectum
787 3944 913 3991 ultra
933 3942 1162 3991 circulum
1197 3959 1226 3989 a
1263 3942 1296 3990 d
1332 3946 1364 3991 b
1399 3960 1440 4001 c,
1480 3944 1595 3992 inde

327 4004 444 4052 ver-6
479 4020 618 4053 curva
647 4022 759 4053 cum
795 4006 926 4053 radio
946 4007 1088 4055 faciet
1121 4007 1352 4070 angulum
1382 4018 1590 4066 acutum,

329 4082 445 4115 nam
465 4070 536 4117 vis
557 4070 774 4117 centralis
789 4069 888 4116 illic
902 4072 1052 4133 major
1067 4079 1137 4119 est
1149 4070 1291 4133 quim
1313 4082 1370 4119 ut
1389 4072 1592 4120 circulus

329 4131 538 4183 deaei-ibi*
544 4132 702 4194 possit,
719 4133 849 4196 quod
864 4134 930 4181 sic
952 4134 1256 4181 demonstrari
1273 4144 1450 4195 potest3
1473 4150 1591 4183 κνοω

330 4195 588 4257 aequalibus
609 4197 896 4257 temporibus
911 4197 1152 4257 descriptae
1165 4197 1364 4247 durante
1383 4208 1481 4247 toto
1501 4200 1592 4246 hoc

329 4262 538 4321 corporis
573 4260 616 4307 P
648 4270 782 4307 motu
804 4271 916 4309 sunt
938 4262 1112 4322 ubique
1133 4263 1348 4323 aequales,
1369 4263 1592 4325 quoniam

326 4323 454 4371 sires
489 4324 550 4372 ad
581 4332 797 4373 centrum
835 4325 878 4372 T
913 4334 1177 4373 constanter
1207 4326 1474 4388 diriguntur
1513 4328 1591 4389 (ex

331 4387 500 4449 Hyp.)
523 4385 724 4450 idedque
744 4388 795 4434 in
816 4404 873 4435 eo
893 4388 1000 4436 loco
1017 4388 1142 4435 ultra
1163 4389 1392 4436 circulum
1413 4406 1442 4437 a
1462 4390 1494 4437 d
1515 4391 1546 4437 b
1567 4404 1594 4436 c

327 4451 384 4497 in
403 4467 500 4513 quo
520 4455 726 4515 angulus
745 4466 902 4499 curvae
923 4467 1032 4499 cum
1045 4452 1176 4499 radio
1195 4452 1250 4501 fit
1269 4464 1436 4509 rectus,
1461 4468 1596 4500 arcus

329 4514 444 4563 dato
465 4526 674 4575 tempore
695 4515 953 4578 descriptus
973 4517 1094 4563 foret
1114 4518 1212 4576 ipsa
1231 4517 1354 4564 basis
1373 4533 1493 4565 areae
1513 4517 1594 4565 de-

329 4580 517 4640 scriptas
549 4580 686 4641 cujus
705 4579 904 4653 altitudo
935 4588 1006 4627 est
1036 4579 1256 4627 distantia
1276 4598 1306 4628 a
1325 4591 1484 4629 centro
1512 4596 1596 4627 seu

329 4642 1596 4769 &3393ss'iffisstflssbss‘zssiessssossossfflssi

2818 404 2901 463 65

1648 561 1702 608 in
1720 560 1897 609 circulo
1921 563 1968 610 A
1990 562 2041 610 D
2062 562 2105 611 B
2128 563 2168 611 C
2190 561 2365 623 moveri
2384 572 2725 623 perseverasset,
2750 563 2903 614 nulla·
2962 546 2967 551 ’
3059 525 3067 530 Γ

1649 641 1743 687 que
1778 626 1847 672 vis
1880 635 2096 687 extranea
2137 626 2397 673 accessisset
2437 624 2619 674 inverse
2660 638 2715 675 ut
2750 629 2901 687 radiig

1648 690 1831 751 sagittae
1849 698 2007 737 autem
2038 691 2202 737 eorum
2223 704 2417 737 arcuum
2438 691 2568 751 (quae
2592 701 2703 737 sunt
2722 708 2903 751 semper

1648 762 1706 799 ut
1745 753 1968 814 quadrata
2001 768 2195 800 arcuum
2232 753 2377 800 divisa
2414 769 2496 813 per
2522 754 2705 815 radios)
2750 756 2904 803 forent

1651 816 1827 863 inverse
1852 830 1905 863 ut
1924 817 2033 863 cubi
2064 817 2315 874 radiorum,
2351 818 2431 863 sed
2454 817 2523 863 vis
2543 819 2757 877 centralis
2780 820 2903 867 ultra

1651 880 1879 927 circulum
1912 895 1941 925 a
1961 880 1992 927 d
2015 882 2044 927 b
2066 895 2105 934 c,
2141 881 2298 935 minus
2319 880 2539 927 decrescit
2559 880 2701 943 quam
2736 897 2901 929 secun-

1651 943 1769 989 dum
1812 946 1986 990 cubum
2026 943 2359 998 distantiarum,
2407 960 2519 1005 ergo
2562 946 2727 1006 sagitta
2768 944 2901 994 ιιι-οὒς

1648 1007 1863 1067 descripti
1880 1022 1985 1067 quae
2006 1017 2075 1054 est
2090 1008 2193 1069 ejus
2211 1009 2278 1053 vis
2298 1010 2511 1055 centralis
2524 1008 2730 1066 effectus,
2753 1013 2901 1075 maJor

1647 1080 1719 1118 est
1749 1068 1917 1133 sagittis
1936 1085 2043 1131 quae
2073 1072 2192 1118 foret
2212 1070 2471 1119 secundum
2502 1072 2727 1121 rationem
2748 1074 2897 1121 inver-

1647 1148 1750 1181 sam
1780 1136 1887 1181 cubi
1907 1132 2241 1189 distantiarum,
2276 1150 2389 1198 ergo
2409 1151 2464 1183 ea
2484 1137 2651 1199 sagitta
2681 1153 2787 1199 quae
2821 1154 2901 1198 per

1649 1198 1745 1244 vim
1776 1197 2025 1245 centn-alem
2062 1198 2347 1259 producitur,
2384 1200 2535 1261 major
2571 1210 2640 1248 est
2674 1200 2758 1248 illd
2794 1218 2901 1263 quae

1648 1262 1933 1309 obtineretur
1963 1262 2001 1307 si
2034 1261 2235 1309 circulus
2255 1262 2306 1307 in
2327 1277 2384 1310 eo
2404 1262 2508 1310 loco
2540 1262 2869 1313 describeretur
2881 1284 2897 1325 3

1647 1340 1763 1388 ergo
1783 1340 1949 1385 corpus
1984 1326 2027 1372 P
2058 1341 2087 1371 a
2118 1334 2337 1387 tangente
2357 1326 2507 1389 magis
2528 1326 2719 1375 discedit
2744 1340 2901 1377 versus

1647 1400 1859 1437 centrum
1881 1388 2022 1451 quam
2043 1388 2083 1434 si
2102 1389 2331 1435 circulum
2351 1389 2638 1448 describeret,
2670 1408 2779 1455 ergo
2800 1394 2901 1457 ejus

1649 1450 1725 1499 via
1760 1464 1951 1503 acutum
2117 1468 2201 1501 um
2223 1467 2335 1499 cum
2354 1450 2485 1500 radio
2520 1454 2701 1503 efficere
2720 1457 2897 1517 incipit,

1648 1516 1805 1578 sicque
1826 1516 2002 1563 accedit
2016 1518 2185 1575 iterum
2206 1517 2267 1563 ad
2282 1516 2512 1563 circulum
2532 1535 2560 1565 a
2576 1518 2653 1565 db
2669 1535 2695 1566 c
2716 1521 2901 1583 angulis

1647 1595 1804 1627 curvae
1824 1595 1931 1627 cum
1966 1580 2095 1627 radio
2114 1590 2338 1640 perpetuo
2359 1580 2755 1641 decrescentibus3
2789 1583 2901 1634 cum

1647 1653 1806 1691 autem
1844 1644 1967 1691 infra
2002 1658 2114 1691 eum
2150 1644 2377 1691 circulum
2412 1645 2668 1693 transiverit
2698 1649 2903 1711 angulus

1647 1722 1791 1770 quem
1822 1708 1935 1756 facit
1970 1724 2113 1755 curva
2148 1722 2257 1754 cum
2292 1707 2435 1759 radio.
2479 1707 2649 1755 iterum
2685 1720 2899 1773 augetur,

1648 1772 1799 1819 donec
1835 1772 1875 1817 is
1911 1772 2113 1834 angulus
2146 1782 2299 1818 rectus
2320 1772 2495 1828 evadat,
2531 1772 2643 1819 inde
2682 1772 2791 1821 νεεδ
2823 1775 2903 1822 fiet

1639 1830 1843 1882 'obtusus
1857 1836 1967 1896 quia
1986 1836 2053 1881 vis
2075 1835 2289 1882 centralis
2309 1836 2406 1882 illic
2422 1836 2574 1882 minor
2594 1846 2664 1885 est
2683 1836 2827 1899 qudm
2848 1845 2905 1886 ut

1649 1914 1819 1959 eorpus
1852 1900 1895 1946 P
1926 1900 1975 1946 in
2008 1900 2183 1947 circulo
2214 1900 2387 1946 moveri
2418 1911 2578 1963 pergat
2590 1918 2607 1957 ;
2640 1902 2761 1948 redit
2792 1917 2904 1965 ergo

1649 1977 1818 2023 corpus
1843 1962 1887 2009 P
1906 1978 2064 2011 versus
2080 1962 2307 2009 circulum
2322 1979 2351 2010 a
2371 1962 2405 2009 d
2427 1968 2456 2009 b
2478 1980 2504 2011 c
2524 1964 2665 2025 idque
2679 1964 2905 2025 perpetua

1648 2026 1948 2084 oscillatione,
1982 2037 2039 2074 ut
2064 2026 2211 2088 liquet
2231 2042 2287 2072 ex
2310 2027 2555 2073 collatione
2586 2028 2750 2075 motsss-
2760 2044 2903 2091 quem

1649 2091 1840 2137 haberet
1872 2090 1924 2137 in
1960 2088 2283 2153 logaritbmici‘i
2301 2090 2455 2149 spirali
2491 2106 2604 2137 cum
2624 2094 2713 2139 boc
2733 2103 2897 2142 motu:

1650 2153 1733 2200 sed
1753 2152 1849 2215 qud
1868 2154 2023 2201 minor
2054 2158 2125 2201 est
2160 2154 2229 2199 vis
2248 2154 2331 2200 illa
2351 2155 2458 2201 data
2477 2170 2583 2216 quae
2618 2169 2675 2202 ex
2710 2158 2903 2204 centrali

1650 2216 1921 2275 detrahitur,
1954 2216 2012 2265 ed
2034 2217 2128 2263 inae
2148 2216 2339 2264 alternae
2360 2217 2671 2265 oscillationes
2688 2220 2845 2268 minus
2875 2237 2906 2267 a

1649 2280 1826 2327 circulo
1857 2297 1886 2327 a
1906 2280 1937 2327 d
1959 2284 1991 2328 b
2012 2296 2039 2328 c
2070 2280 2299 2338 recedent,
2335 2295 2478 2342 quare
2499 2281 2537 2325 si
2560 2282 2631 2327 vis
2660 2298 2714 2329 ea
2734 2284 2905 2347 exigua

1649 2354 1939 2404 supponatur
1979 2354 2190 2405 respectu
2233 2344 2301 2389 vis
2341 2343 2553 2391 centralis
2595 2346 2797 2406 corporis
2842 2348 2902 2405 T,

1641 2408 1851 2469 ,supponi
1874 2408 2013 2456 etiam
2034 2417 2185 2468 potest
2205 2416 2388 2455 motum
2418 2407 2621 2469 corporis
2654 2409 2699 2457 P
2731 2410 2782 2456 in
2800 2410 2905 2460 cir-

1651 2472 2081 2519 culoadbcfiet.
2155 2473 2219 2527 Q.
2248 2488 2287 2519 e.
2315 2470 2361 2518 d.

1669 2568 1674 2573 ·
1720 2541 1820 2585 Cor.
1850 2542 1893 2583 1.
1966 2537 2017 2583 Si
2048 2535 2116 2581 vis
2138 2535 2221 2582 illa
2241 2546 2457 2583 extranea
2486 2544 2534 2582 et
2564 2545 2780 2585 constans
2801 2554 2905 2598 per.

1651 2610 1795 2661 petuo
1816 2602 2016 2647 traheret
2036 2615 2202 2659 corpus
2226 2599 2270 2646 P
2292 2614 2449 2646 versus
2483 2600 2543 2656 T,
2576 2600 2740 2648 iisdem
2763 2618 2905 2665 argu-

1651 2665 1823 2711 mentis
1856 2664 2123 2713 ostendetur
2154 2663 2281 2725 quod
2314 2663 2355 2709 si
2388 2662 2672 2710 describatur
2702 2664 2907 2713 circulus

1645 2728 1845 2775 interior
1864 2748 1895 2777 a
1916 2726 1940 2775 ὃ
1960 2733 1993 2784 β
2014 2749 2059 2783 ι,
2092 2726 2141 2772 in
2174 2728 2257 2773 tali
2278 2724 2497 2773 distantis
2518 2742 2547 2772 a
2566 2737 2725 2774 centro
2759 2730 2817 2785 T,
2852 2740 2909 2776 ut
2946 2780 2951 2785 ,

1651 2792 1723 2837 vis
1742 2793 1945 2853 corporis
1980 2792 2023 2839 T
2053 2790 2113 2837 ad
2134 2806 2239 2837 eam
2258 2790 2521 2837 distantiam
2549 2801 2687 2839 aucta
2706 2808 2789 2852 per
2811 2794 2905 2839 vim

1651 2855 1783 2903 illam
1804 2866 2070 2903 extraneam
2092 2854 2152 2900 sit
2171 2854 2232 2901 ad
2254 2854 2347 2899 vim
2368 2854 2419 2899 in
2441 2853 2615 2901 circulo
2641 2858 2688 2902 A
2716 2856 2766 2903 D
2793 2857 2839 2903 B
2864 2858 2903 2904 C

1651 2919 1835 2966 inverse
1854 2930 1911 2967 ut
1930 2919 2037 2967 cubi
2057 2917 2293 2965 radiorum
2316 2917 2599 2964 circulorum
2624 2920 2670 2965 A
2698 2920 2749 2969 D
2775 2921 2818 2966 B
2846 2922 2903 2979 C,

1651 3002 1685 3031 a
1708 2982 1731 3031 δ
1750 2988 1783 3038 β
1806 3004 1851 3040 a,
1884 2998 2053 3043 corpus
2078 2982 2119 3029 P
2138 2982 2249 3029 binc
2271 2980 2381 3027 inde
2400 2981 2467 3028 cis
2488 2982 2657 3031 citrave
2678 2984 2906 3031 circulum

1651 3066 1686 3094 a
1708 3046 1732 3095 δ
1752 3052 1783 3103 β
1805 3068 1835 3095 n
1856 3046 2104 3101 oscillatur,
2128 3054 2177 3093 et
2194 3045 2237 3091 si
2256 3060 2312 3091 ea
2332 3044 2401 3093 vis
2416 3056 2631 3095 extranea
2648 3048 2706 3094 sit
2720 3050 2904 3110 exigua,

1651 3111 1828 3158 censeri
1848 3120 1997 3171 potest
2027 3110 2155 3173 quod
2175 3124 2342 3171 corpus
2378 3110 2421 3157 P
2451 3112 2502 3156 in
2522 3125 2581 3163 eo
2600 3112 2702 3171 ipso
2733 3112 2907 3159 circulo

1652 3194 1684 3223 a
1705 3174 1729 3222 δ
1748 3180 1781 3231 β
1802 3196 1833 3223 ιι
1852 3175 2124 3223 movebitur.

1721 3242 1820 3287 Cor.
1850 3245 1893 3285 2.
1966 3239 2036 3285 Et
2064 3240 2103 3285 si
2136 3237 2205 3284 vis
2224 3237 2307 3285 illa
2327 3246 2543 3286 extranea
2565 3248 2779 3287 constans
2810 3255 2908 3287 non

1652 3302 1789 3359 foret,
1806 3302 1887 3351 sed
1902 3312 2123 3349 cresceret
2136 3300 2397 3349 secundam
2414 3302 2619 3364 aliquam
2632 3304 2907 3365 dignitatem

1652 3365 1893 3426 positivam
1915 3366 2251 3421 distantiarum,
2276 3366 2439 3412 iisdem
2452 3366 2645 3413 omnin&
2658 3367 2909 3414 ratiociniis

1653 3430 1837 3477 ostendi
1858 3438 2010 3489 posset
2030 3429 2155 3491 quod
2176 3444 2347 3489 corpus
2370 3428 2414 3475 P
2446 3428 2497 3475 in
2518 3430 2693 3477 circulo
2724 3446 2754 3477 a
2772 3429 2806 3476 d
2826 3432 2858 3477 b
2880 3447 2907 3478 c

1652 3494 1729 3541 vel
1763 3515 1794 3541 a
1840 3490 1863 3541 δ
1883 3500 1917 3551 β
1956 3514 1987 3540 ιι
2020 3492 2293 3546 movebitur,
2334 3492 2514 3539 eveniet
2534 3493 2831 3541 solummodo
2853 3504 2910 3541 ut

1652 3556 1811 3605 radius
1848 3558 1892 3603 T
1928 3572 1960 3617 p
1997 3557 2193 3617 paulurn
2216 3555 2423 3603 diversus
2442 3557 2565 3603 sumi
2587 3557 2752 3604 debeat
2772 3561 2829 3605 ab
2851 3573 2908 3605 eo

1653 3621 1735 3683 qui
1756 3620 2039 3669 inveniretur
2061 3622 2101 3667 si
2128 3620 2197 3665 vis
2218 3635 2275 3667 ea
2288 3629 2513 3667 extranea
2534 3630 2749 3671 constans
2770 3622 2903 3668 foret.

1720 3688 1865 3733 Schol.
1939 3684 2063 3732 Aliis
2080 3684 2311 3731 methodis
2340 3683 2557 3731 effectum
2580 3684 2708 3732 illius
2728 3686 2797 3731 vis
2828 3700 2909 3731 ex-

1654 3758 1829 3797 traneoe
1850 3748 1911 3795 ad
1932 3747 2138 3797 calculos
2156 3746 2361 3794 revocari
2382 3763 2514 3807 posse
2536 3763 2629 3795 non
2664 3764 2907 3811 negamus,

1655 3824 1703 3860 et
1724 3813 1914 3874 quidem
1942 3827 2087 3859 unam
2106 3820 2189 3859 aut
2210 3811 2402 3858 alteram
2422 3811 2698 3859 methodum
2728 3816 2789 3860 ab
2818 3810 2910 3859 hae

1655 3877 1883 3924 diversam
1905 3875 2125 3923 eumdem
2144 3874 2196 3922 in
2216 3874 2359 3923 finem
2388 3874 2443 3923 in
2473 3878 2771 3937 sequentibus
2800 3890 2909 3938 pro-

1653 3955 1899 4001 ponemus.

2086 4132 2362 4181 THEOR.
2400 4132 2475 4180 11.

1725 4260 1896 4309 Positis
1916 4260 1973 4307 iis
1993 4276 2099 4322 quie
2132 4260 2184 4306 in
2218 4259 2369 4320 primo
2404 4260 2711 4307 Theoremnte
2740 4274 2911 4320 suppo·

1657 4335 1852 4379 nuntur,
1876 4325 2057 4371 dicatur
2088 4340 2111 4369 r
2141 4323 2303 4371 radius
2322 4323 2485 4371 circuli
2510 4325 2557 4372 A
2583 4324 2636 4369 D
2660 4324 2704 4370 B
2731 4324 2787 4378 C,
2810 4324 2870 4369 sit
2890 4344 2914 4389 ς

1657 4388 1815 4435 radius
1830 4386 1992 4435 circuli
2012 4402 2041 4445 a
2060 4387 2092 4433 d
2111 4388 2145 4435 b
2165 4404 2207 4444 c,
2232 4387 2306 4434 vel
2327 4409 2358 4433 a
2380 4386 2403 4434 δ
2422 4393 2455 4444 β
2479 4408 2523 4444 x,
2546 4386 2606 4434 sit
2625 4403 2657 4447 p
2678 4387 2915 4434 radiorum

1657 4468 1683 4499 r
1716 4465 1761 4499 et
1792 4472 1816 4516 ς
1850 4451 2140 4507 differentiam
2176 4452 2245 4509 vis
2276 4452 2479 4510 corporis
2504 4452 2547 4498 T
2569 4452 2621 4497 in
2642 4449 2861 4498 distantia
2891 4465 2917 4496 r

1659 4515 1843 4563 dicatur
1868 4516 1912 4560 V
1934 4525 1982 4561 et
2002 4514 2051 4559 in
2073 4514 2236 4561 eadem
2258 4512 2477 4561 distantis
2507 4516 2575 4561 vis
2606 4526 2825 4561 extranea
2844 4514 2916 4560 di-

1659 4588 1793 4627 catur
1818 4579 1861 4625 Y
1882 4593 1989 4640 quoe
2010 4586 2185 4625 crescat
2215 4587 2270 4625 ut
2300 4577 2529 4625 distantiae
2560 4595 2591 4625 a
2620 4589 2780 4625 centro
2805 4579 2851 4626 T
2871 4588 2920 4625 et

1659 4659 1767 4703 quae
1790 4643 1983 4701 positiva
2012 4651 2252 4689 censeatur
2286 4642 2323 4688 si
2361 4642 2583 4689 distrahat
2602 4657 2771 4702 corpus
2810 4643 2854 4689 P
2890 4658 2919 4691 a

1664 4718 1839 4763 centro,
1860 4706 2073 4769 negativa
2089 4704 2197 4753 verti
2212 4706 2250 4753 si
2274 4706 2393 4753 illud
2408 4708 2606 4756 attrahat
2617 4706 2675 4753 ad
2689 4715 2919 4764 centrum,

1571 4794 1686 4842 E4
