3384 5509
343 423 582 488 Limen
601 422 962 504 Tannus]
1025 423 1511 529 PRINCIPIA
1557 425 2305 494 MATHEMATICA.
2816 369 2961 499 1291·

348 597 476 661 fine
505 597 745 676 cursfiS,
775 599 884 664 ubi
907 599 1130 664 -motfis'
1148 601 1504 685 apparentis
1543 623 1690 686 pars
1734 601 1861 678 illa,
1908 615 2049 688 quae
2078 625 2115 666 a
2143 603 2454 687 parallaxi'
2478 601 2695 694 oritur,
2740 587 2975 691 majo-⁹

343 724 480 767 rem
521 704 712 769 habet
759 707 1228 790 proportionem
1269 707 1352 770 ad
1393 720 1630 772 motum
1661 719 1865 797 totum
1893 722 2340 792 apparentem,
2366 709 2695 772 deflectere
2725 713 2929 777 solent

341 815 424 878 ab
451 815 550 878 his
581 816 849 902 cirquiS‚
885 828 948 880 et
976 817 1218 902 quoties
1238 816 1757 880 Terra'movetur
1774 818 1852 884 ‚in
1882 823 2069 880 unam
2097 831 2359 902 partem,
2393 818 2565 902 abire
2596 819 2660 880 in
2692 833 2937 902 partem·

341 923 741 988 contrariam.
836 922 1059 1008 Oritur
1097 923 1239 988 haec
1281 923 1550 988 deflexio
1591 923 1867 988 maxime
1908 947 1991 988 ex
2030 925 2353 1008 parallaxi,
2396 912 2731 1010 propterea
2760 933 2927 1014 quod

341 1031 680 1116 respondet
721 1029 920 1094 motui
965 1031 1221 1106 Terrae3
1267 1043 1335 1095 et
1361 1030 1622 1118 insignis
1668 1033 1800 1116 ejus
1831 1033 2161 1118 quantitas,
2205 1054 2347 1096 meo
2376 1045 2691 1114 comput0,
2740 1035 2931 1100 collo·
3024 1053 3031 1061 ·

341 1137 505 1200 cavit
547 1137 934 1220 disparentes
965 1150 1238 1202 cometas
1269 1138 1416 1202 satis
1436 1137 1634 1225 'longe
1676 1137 1838 1202 infra
1867 1139 2108 1205 Jovem.
2201 1137 2392 1202 Unde
2424 1157 2807 1224 consequens
2838 1156 2930 1208 est

339 1246 512 1331 quod
559 1247 626 1309 in
670 1247 960 1334 perigaeis
1012 1260 1074 1311 et
1114 1246 1452 1330 periheliiS,
1505 1249 1616 1311 ubi
1658 1247 1921 1332 propitis
1970 1249 2217 1327 adsunt,
2270 1249 2657 1316 descendunt
2698 1253 2945 1336 saepius‚

342 1353 505 1417 infra
533 1355 718 1418 orbes
749 1355 982 1421 Martis
1014 1367 1075 1419 et
1102 1355 1468 1419 inferiorum
1497 1355 1908 1439 planetarum.
2054 1337 2074 1442 ¹¹
2130 1368 2133 1374 '

431 1461 860 1526 confirmatur
891 1462 1080 1528 etiam
1107 1463 1541 1550 propinquitas
1571 1475 1956 1531 cometarum
1989 1469 2063 1554 (θ)
2095 1491 2177 1533 ex
2203 1468 2345 1534 luce
2374 1457 2666 1555 capitum.
2758 1471 2923 1536 Nam

333 1572 616 1655 corporis
646 1573 911 1637 coelestis
942 1597 981 1636 a
1013 1572 1160 1637 Sole
1188 1573 1478 1637 illustrati
1505 1585 1570 1638 et
1597 1575 1664 1638 in
1693 1575 1981 1662 regiones
2011 1577 2382 1665 longinquas
2406 1579 2708 1657 abeuntiS,
2742 1580 2928 1643 dimi-

332 1678 552 1741 nuitur
596 1679 896 1763 splendor
937 1680 1004 1743 in
1047 1679 1519 1766 quadruplicata
1562 1682 1808 1747 ratione
1852 1683 2202 1749 distantiae:
2248 1685 2314 1747 in
2345 1685 2657 1770 duplicata
2689 1688 2927 1766 ratione
2968 1739 2979 1752 .

332 1785 622 1852 videlicet
649 1790 733 1852 ob
761 1802 1007 1853 auctam
1031 1790 1318 1874 ⁴corporis
1347 1789 1706 1855 distantiam
1733 1815 1771 1856 a
1797 1791 1962 1870 Sole,
1996 1803 2059 1858 et
2085 1793 2153 1858 in
2182 1793 2301 1857 alia
2331 1793 2645 1879 duplicata
2684 1797 2923 1888 ratione

331 1893 416 1958 ob
461 1894 833 1960 diminutam
875 1897 1250 1961 diametrum
1292 1910 1718 1982 apparentem.
1808 1900 2001 1968 Unde
2031 1902 2084 1965 si
2112 1901 2294 1965 detur
2324 1914 2387 1966 et
2423 1902 2578 1966 lucis
2608 1906 2919 1991 quantitas

329 2014 404 2076 et,
426 2025 736 2088 apparens
764 2006 1069 2071 diameter
1097 2017 1377 2083 cometae,
1410 2007 1660 2072 dabitur
1689 2007 2000 2086 distantia,
2032 2008 2299 2073 dicendo
2322 2009 2492 2095 quod
2520 2010 2817 2076 distantia
2844 2015 2925 2076 sit
2990 2037 2993 2040 ·

331 2109 414 2174 ad
443 2111 800 2175 distantiam
826 2112 1118 2196 planetae,
1153 2113 1218 2176 in
1247 2113 1490 2178 ratione
1519 2113 1807 2178 diametri
1836 2115 1918 2178 ad
1946 2115 2319 2180 diametrum
2338 2115 2660 2182 directeet
2681 2121 2923 2184 ratione

329 2218 648 2302 duplicata
677 2221 835 2284 lucis
867 2222 948 2285 ad
977 2222 1182 2285 lucem
1211 2221 1474 2286 inverse.
1499 2273 1502 2276 .
1552 2224 1659 2287 Sic
1686 2223 1949 2288 minima
1976 2225 2254 2309 capillitii
2286 2237 2545 2290 cometae
2575 2229 2723 2291 anni
2756 2239 2921 2294 1682
2966 2204 2969 2208 .

323 2326 650 2405 diameter,
689 2351 806 2414 per
834 2330 1058 2393 tubum
1087 2329 1366 2413 opticum
1401 2330 1717 2394 sexdecim
1760 2331 1995 2417 pedum
2024 2355 2064 2394 a
2095 2332 2477 2398 Flamstedio
2505 2335 2834 2402 observata
2860 2351 2925 2404 et

321 2439 724 2514 micrometro
752 2443 1130 2515 mensurata,
1161 2441 1453 2527 aequabat
1481 2443 1562 2505 2².
1593 2444 1675 2506 O''
1694 2465 1713 2518 3
1744 2442 2001 2506 nucleus
2031 2455 2241 2506 autem
2268 2467 2378 2507 seu
2409 2445 2586 2508 stella
2614 2447 2681 2510 in
2710 2446 2922 2512 medio

323 2548 545 2632 capitis
573 2548 683 2612 vix
711 2549 1017 2612 decimam
1045 2561 1288 2636 partem
1329 2550 1676 2615 latitudinis
1706 2549 1892 2636 hujus
1921 2553 2286 2636 occupabat,
2306 2555 2313 2561 ’
2335 2553 2605 2641 ide6que
2632 2556 2761 2619 lata
2788 2569 2933 2632 erat.

324 2667 572 2720 tantum
619 2659 758 2720 11⁶.
790 2657 889 2720 vel
946 2659 1086 2722 12⁹.
1123 2663 1128 2670 '
1205 2660 1381 2723 Luce
1426 2658 1578 2747 vero
1629 2671 1694 2723 et
1744 2660 2021 2726 claritate
2072 2663 2291 2746 capitis
2323 2665 2678 2746 superabat
2729 2676 2921 2749 caput

321 2776 587 2826 cometae
617 2763 766 2826 anni
800 2772 990 2841 1680,
1037 2747 1368 2852 stellasque
1393 2767 1616 2852 primae
1645 2767 1741 2830 vel
1790 2767 2082 2831 secundae
2108 2767 2555 2855 magnitudinis
2586 2771 2933 2834 aemulaba-'

307 2883 439 2935 ¹tur.
533 2872 852 2936 Ponamus
900 2874 1240 2939 Saturnum
1288 2897 1432 2940 cum
1478 2876 1712 2939 annulo
1757 2899 1872 2940 suo
1917 2879 2095 2962 quasi
2143 2879 2496 2964 quadruplo
2546 2880 2909 2959 lucidiorem

313 2977 542 3042 fuisse:
589 2991 652 3042 et
693 2979 990 3064 quoniam
1032 2978 1145 3043 lux
1189 2980 1404 3043 annuli
1445 2982 1903 3069 propemodum
1936 2983 2225 3067 aequabat
2267 2984 2471 3048 lucem
2501 2985 2671 3072 globi
2716 2986 2909 3049 inter-

315 3085 529 3162 medii,
577 3099 640 3148 et
679 3085 982 3151 diameter
1023 3083 1332 3171 apparens
1373 3087 1548 3176 globi
1577 3087 1657 3152 sit
1683 3088 1860 3179 quasi
1894 3090 2037 3152 21⁹.
2068 3089 2337 3172 ideoque
2364 3089 2479 3153 lux
2507 3090 2680 3178 globi
2712 3104 2775 3157 et
2802 3115 2916 3156 an-

315 3252 526 3290 austrum
549 3241 804 3290 descendit.
855 3241 986 3298 Quia
999 3251 1157 3290 tamen
1179 3245 1230 3288 in
1253 3244 1417 3288 eodem
1443 3245 1586 3301 piano

305 3321 499 3366 semper
520 3307 708 3363 incedit,
734 3308 894 3353 orbem
909 3307 1200 3363 circularem,
1221 3306 1414 3354 Tellure
1431 3305 1581 3366 quies·

315 3381 465 3428 cente,
496 3369 732 3416 videretur
761 3370 1032 3425 describere,
1067 3369 1149 3416 sed
1171 3369 1390 3430 quoniam
1422 3369 1586 3416 Tellus

315 3433 418 3493 ipsa
461 3443 676 3480 movetur
717 3432 770 3479 in
813 3434 956 3494 plano
993 3433 1231 3494 ecliptica,
1275 3441 1460 3480 cometa
1499 3447 1586 3492 pro

315 3497 510 3544 diversis
548 3498 708 3544 -Terrae
750 3497 865 3544 locis
907 3498 1190 3554 observatus,
1239 3495 1384 3544 mod&
1427 3496 1586 3542 versus

313 3563 504 3608 boream
535 3561 676 3608 altius
707 3561 971 3617 ascendere,
1004 3559 1147 3608 modd
1181 3559 1343 3607 versus
1373 3556 1585 3606 austrum

313 3624 508 3672 inferius
529 3624 808 3672 descendere
839 3625 1090 3684 apparebit.
1170 3624 1584 3672 observationibus

314 3699 606 3750 compertum
629 3699 698 3738 est
719 3699 923 3736 cometas
958 3686 1300 3748 propemodum
1322 3688 1375 3733 in
1397 3689 1582 3734 circulis

313 3753 534 3799 maximis
551 3767 762 3814 pergere,
785 3751 997 3812 quandiu
1017 3763 1270 3799 moventur
1289 3751 1499 3806 celerius,
1533 3761 1583 3798 at

315 3816 370 3862 in
401 3816 496 3864 tine
526 3816 689 3864 cursus
720 3816 962 3862 deflectere
993 3817 1145 3862 solent
1175 3818 1234 3862 ab
1265 3817 1338 3862 his
1366 3815 1550 3862 circulis
1565 3833 1582 3872 3

315 3881 420 3926 haec
451 3889 610 3928 autem
643 3879 843 3939 deflexio
874 3879 1047 3940 pendet
1083 3895 1140 3926 ex
1180 3877 1281 3940 ipsa
1312 3879 1586 3942 trajectoriae

318 3954 606 3992 cometarum
651 3942 901 3991 curvatura
941 3943 1001 3990 de
1048 3943 1142 4004 qua
1193 3943 1330 3990 iufra.
1423 3941 1584 3997 Quare

315 4007 535 4068 deinceps
567 4006 806 4055 trademus
835 4022 1047 4054 normam
1079 4006 1288 4067 computi
1321 4022 1416 4068 quo
1438 4008 1582 4054 New-

314 4080 458 4119 tonus
489 4071 774 4132 disparentes
805 4082 1010 4119 cometas
1038 4070 1151 4118 satis-
1179 4069 1324 4133 longe
1351 4069 1476 4118 infra
1495 4071 1584 4120 Jo-

315 4149 422 4182 vem
455 4136 712 4192 collocavit,
746 4135 1070 4198 nonnullaque
1092 4135 1341 4181 afferemus
1370 4133 1584 4195 exempla

313 4210 602 4246 cometarum
624 4199 706 4261 qui
736 4198 860 4245 infra
879 4201 1015 4246 orbes
1037 4199 1209 4247 Martis
1229 4206 1277 4246 et
1307 4199 1579 4246 inferiorum

311 4263 606 4324 planetarum
629 4262 980 4312 descenderunt.

1650 3245 1845 3302 sphaerae
1878 3242 2123 3298 contineri,
2162 3238 2363 3302 idedque
2394 3241 2643 3288 densitates
2676 3241 2913 3290 radiorum

1646 3314 1786 3351 erunt
1805 3306 1853 3350 in
1876 3306 2055 3351 ratione
2088 3305 2437 3363 superficierum
2469 3306 2801 3364 sphaericarum
2834 3307 2909 3352 in-

1647 3367 1794 3424 verse,
1828 3365 1917 3414 boc
1938 3375 2022 3424 est,
2055 3366 2105 3413 in
2126 3368 2303 3414 ratione
2326 3367 2563 3428 duplicata
2590 3369 2907 3416 semi-diame-

1646 3442 1829 3479 trorum
1861 3433 1958 3478 sive
1994 3431 2316 3478 distantiarum
2354 3447 2385 3479 a
2416 3445 2607 3491 corpore
2641 3432 2799 3479 lucido
2834 3433 2910 3480 in-

1649 3494 1779 3543 verse
1814 3500 1914 3560 (14.
1946 3495 2053 3543 Lib.
2085 3494 2173 3556 L).
2249 3497 2409 3550 Quare
2430 3495 2561 3542 nulla
2584 3496 2909 3543 distantiarum

1648 3557 1808 3607 habita
1828 3561 2019 3616 ratione,
2044 3559 2244 3606 sensatio
2263 3575 2371 3621 quae
2391 3576 2419 3606 a
2439 3559 2581 3606 radi-is
2601 3575 2765 3606 nervos
2787 3563 2905 3620 opti,

1649 3639 1729 3670 cos
1764 3624 2130 3684 percutientibus
2162 3624 2401 3679 excitatur,
2440 3632 2510 3671 est
2542 3633 2597 3670 ut
2627 3623 2907 3686 quadratum

1645 3686 1877 3734 distantia}
1895 3686 2089 3734 inverse.
2135 3687 2225 3734 Sed
2243 3686 2338 3749 qud
2354 3686 2575 3734 remotius
2588 3696 2659 3734 est
2678 3687 2905 3746 lucidum,

1645 3765 1705 3797 eo
1735 3751 1976 3812 pauciores
1996 3750 2112 3798 radii
2134 3751 2194 3798 ad
2214 3752 2405 3798 oculum
2438 3752 2731 3810 perveniunt,
2762 3751 2907 3815 idque

1647 3813 1699 3860 in
1738 3814 1975 3874 duplicata
2012 3815 2190 3862 ratione
2226 3815 2552 3868 distantiarum
2597 3816 2723 3879 (loco
2764 3814 2907 3877 supr&

1647 3878 1753 3939 cit.)
1777 3880 1867 3926 hoc
1888 3889 1970 3936 est,
2004 3879 2055 3928 in
2076 3878 2315 3940 duplicata
2334 3879 2512 3926 ratione
2533 3879 2741 3926 diametri
2764 3895 2906 3940 appa-

1647 3943 1790 3990 rentis
1811 3942 2071 3990 diminutae.
2144 3942 2317 4000 Quare,
2342 3943 2679 4003 componendo,
2703 3945 2907 4003 corporis

1647 4005 1847 4054 coelestis
1877 4023 1906 4052 a
1941 4007 2049 4053 Sole
2070 4001 2286 4052 illustrati
2316 4015 2365 4052 et
2390 4007 2441 4052 in
2472 4009 2685 4069 regiones
2718 4007 2905 4068 longin-

1647 4086 1765 4132 quas
1806 4072 2019 4117 abeuntis
2060 4069 2338 4118 diminuitur
2378 4071 2596 4130 splendor
2636 4072 2685 4116 in
2727 4072 2905 4118 ratione

1649 4134 2000 4196 quadruplicata
2021 4133 2265 4180 distantiae.
2329 4134 2437 4181 Erit
2456 4135 2613 4194 itaque
2624 4133 2905 4196 quadratum

1646 4198 1878 4246 distantiae
1898 4208 2092 4246 cometae
2112 4214 2141 4245 a
2166 4197 2273 4246 Sole
2293 4195 2353 4245 ad
2374 4197 2652 4260 quadratum
2672 4195 2904 4244 'distantiae

1643 4261 1844 4323 planetae
1863 4265 1922 4308 ab
1944 4261 2109 4309 eodem
2127 4261 2178 4307 in
2200 4261 2377 4308 rat-ione
2398 4259 2653 4322 composita
2674 4276 2731 4307 ex
2748 4260 2905 4321 dupli.

1551 4320 1558 4326 “
1649 4324 1757 4372 cata
1786 4327 1962 4372 ratione
1984 4325 2196 4372 diametri
2227 4323 2489 4384 apparentis
2509 4334 2701 4371 cometae
2722 4324 2783 4374 ad
2804 4323 2905 4372 dia-

377 4391 460 4457 (2)
489 4396 594 4440 135.
635 4394 662 4423 ¹*
699 4394 778 4440 Ex
813 4393 920 4440 luce
959 4395 1180 4454 capitum.
1250 4389 1586 4454 Intelligantur

317 4454 430 4502 duae
473 4455 742 4516 superficies
789 4457 1024 4516 sphaericae
1067 4456 1385 4512 concentricae,
1431 4456 1586 4502 minor

315 4535 430 4576 una,
453 4521 606 4582 major
627 4519 788 4576 altera,
823 4529 872 4566 et
901 4521 951 4565 in
975 4531 1134 4566 centro
1155 4520 1396 4580 utriusque
1417 4520 1585 4567 consti-

315 4593 480 4630 tutum
504 4583 714 4646 fingatur
735 4599 902 4644 corpus
931 4584 1119 4646 aliquod
1148 4583 1377 4630 lucidum.
1453 4584 1586 4638 Quo-

313 4647 440 4694 niam
467 4662 639 4706 corpus
662 4648 784 4694 illud
807 4647 960 4694 radios
977 4663 1085 4694 suos
1105 4663 1186 4708 per
1203 4662 1389 4693 omnem
1413 4647 1583 4693 circui-

313 4720 420 4756 tum
461 4711 711 4768 diffundit,
759 4711 948 4758 evidens
990 4720 1060 4758 est
1107 4711 1304 4757 eandem
1349 4711 1583 4757 radiorum

305 4775 617 4836 quantitatem
675 4775 728 4822 in
780 4773 987 4823 concava
1051 4774 1293 4836 superficie
1344 4774 1586 4838 utriusque

1547 4858 1634 4905 14

1648 4400 1853 4436 metrum
1896 4396 2194 4450 apparentem
2236 4387 2437 4448 planetae
2478 4397 2527 4434 et
2568 4389 2743 4436 ratione
2785 4388 2905 4436 lucis

1649 4453 1849 4514 planetae
1890 4453 1949 4499 ad
2003 4453 2157 4499 lucem
2198 4453 2409 4499 co'metae.
2503 4451 2647 4499 Unde
2689 4451 2906 4500 distantia

1649 4527 1843 4564 cometae
1864 4533 1894 4564 a
1918 4516 2025 4564 Sole
2046 4525 2115 4562 est
2134 4516 2195 4562 ad
2216 4515 2482 4562 distantiam
2513 4516 2713 4576 planetae
2743 4519 2803 4564 ab
2823 4531 2903 4564 eo-

1650 4582 1757 4628 dem
1798 4583 1848 4627 in
1885 4583 2063 4627 ratione
2098 4577 2354 4639 composita
2390 4593 2449 4626 ex
2486 4581 2664 4627 ratione
2692 4579 2905 4628 diametri

1649 4645 1911 4705 apparentis
1948 4652 2140 4693 cometae
2182 4643 2241 4690 ad
2284 4643 2563 4690 diametrum
2605 4654 2904 4705 apparentem
2955 4672 2960 4677 ·

1648 4709 1849 4770 planetae
1870 4719 1917 4756 et
1936 4709 2113 4756 ratione
2140 4705 2466 4769 subduplioeta
2486 4707 2605 4756 lucis
2624 4709 2823 4774 planetae
2844 4708 2905 4756 ad

1647 4773 1804 4822 lucem
1825 4783 2033 4821 cometoe.
