3384 5509
476 451 606 510 130,
1075 437 1757 510 PHILOSOPHIAE
1806 435 2353 507 NATURALIS
2422 435 2567 516 [Dr.
2588 433 2839 500 Mum).
2864 432 3051 498 Srsr.

466 615 601 678 nuli
628 616 1008 704 conjunctim
1037 629 1314 703 aequaret
1343 617 1548 682 lucem
1575 615 1772 704 globi,
1820 615 1995 700 cujus
2034 612 2337 676 diameter
2364 615 2525 674 esset
2574 608 2696 674 30¹l
2718 631 2734 673 z
2778 606 2898 672 erit
2926 605 3057 670 dis-

465 724 664 801 tantia
691 736 952 789 cometae
980 725 1062 789 ad
1090 726 1446 790 distantiam
1479 725 1735 791 Saturni
1762 736 1834 788 ut
1866 731 1895 786 1
1932 723 2015 788 ad
2058 704 2123 786 xi
2160 731 2201 786 4
2230 718 2495 797 inverse,
2527 735 2591 784 et
2624 719 2763 782 12⁰.
2792 716 2878 782 ad
2908 717 3055 782 Son.

468 829 724 907 directe,
755 831 823 894 id
853 843 974 910 est,
995 843 1066 896 ut
1095 839 1178 896 24
1211 833 1294 898 ad
1325 843 1407 898 30
1439 853 1550 897 seu
1579 841 1620 896 4·
1651 831 1735 896 ad
1765 840 1827 896 5.
1919 831 2163 894 Rursus
2194 841 2435 892 cometa
2464 827 2615 890 anni
2648 833 2810 891 1665
2840 847 3057 890 mense

469 937 698 1021 Aprili,
741 948 815 1002 ut
857 951 1076 1002 auctor
1103 950 1198 1002 est
1229 939 1556 1016 HeveiiuS,
1601 937 1883 1003 claritate
1910 935 2023 1001 sua
2064 957 2229 1022 pene
2256 936 2415 998 fixas
2446 945 2663 998 omnes
2693 933 3049 1018 superabat,

467 1043 805 1129 quinetiam
861 1044 1068 1128 ipsum
1131 1045 1472 1110 Saturnum
1529 1045 1770 1119 ratione
1828 1043 2057 1109 coloris
2116 1041 2403 1106 videlicet
2464 1038 2653 1127 longe
2710 1039 3053 1104 vividioris.

355 1217 366 1220 -
470 1152 726 1237 Quippe
769 1135 1037 1218 lucidior
1077 1165 1213 1218 erat
1251 1155 1358 1218 hic
1387 1167 1631 1218 cometa
1659 1153 1857 1218 altero
1884 1153 2013 1230 illo,
2060 1152 2171 1238 qui
2210 1151 2279 1214 in
2304 1149 2434 1214 fine
2462 1149 2611 1213 anni
2636 1148 3056 1234 praecedentis

467 1272 859 1345 apparuerat,
905 1273 968 1325 et
1011 1283 1156 1325 cum
1201 1261 1392 1325 stellis
1442 1261 1663 1346 primae
1710 1259 2157 1348 magnitudinis
2208 1257 2660 1322 conferebatur.
2750 1253 3059 1320 latitudo

465 1367 749 1451 capillitii
792 1377 926 1430 erat
958 1368 1142 1452 quasi
1191 1368 1271 1431 6'.
1315 1378 1383 1431 at
1421 1367 1680 1430 nucleus
1723 1387 1871 1430 cum
1909 1363 2177 1450 planetis
2214 1385 2339 1448 ope
2378 1363 2516 1428 tubi
2552 1361 2748 1448 optici
2788 1361 3057 1426 collatus

471 1474 658 1559 plane
699 1475 906 1538 minor
949 1486 1082 1539 erat
1121 1473 1300 1552 Jove,
1347 1486 1412 1538 et
1449 1495 1620 1538 nunc
1645 1475 1855 1538 minor
1884 1495 2149 1558 corpore
2176 1471 2546 1540 intermedio
2575 1471 2855 1548 Saturni,
2885 1491 3059 1534 nunc

467 1581 588 1665 ipsi
616 1579 872 1666 oequalis
907 1580 1326 1665 judicabatur.
1416 1579 1620 1646 Porro
1660 1581 1807 1646 cum
1850 1569 2153 1646 diameter
2181 1579 2461 1666 capillitii
2489 1591 2873 1644 cometarum
2910 1577 3059 1644 rai-‹¹›

399 1743 406 1750 .
465 1699 721 1771 superet
765 1687 844 1750 8'.
891 1687 990 1750 vel
1039 1695 1067 1750 1
1081 1688 1160 1765 2‘,
1207 1687 1510 1752 diameter
1549 1687 1701 1752 vero
1740 1687 1967 1765 nuclei,
2014 1709 2125 1752 seu
2168 1687 2363 1751 stellae
2408 1685 2700 1752 centralis
2756 1686 2835 1750 sit
2880 1686 3061 1772 quasi

468 1796 710 1860 decima
729 1796 845 1876 ,vel
887 1796 1045 1860 forte
1087 1797 1332 1861 decima
1359 1799 1576 1884 quinta
1601 1819 1749 1882 pars
1780 1797 2067 1862 diametri
2094 1796 2395 1881 capillitii,
2427 1806 2604 1880 patet
2628 1794 2839 1860 steUas
2867 1794 3061 1860 hasce

467 1914 540 1966 ut
565 1901 909 1986 plurimum
952 1904 1230 1988 ejusdem
1257 1927 1394 1970 esse
1421 1905 1779 1990 apparentis
1810 1902 2257 1992 magnitudinis
2300 1924 2445 1967 cum
2486 1902 2771 1986 planetis·
2864 1900 3061 1968 Unde

467 2008 615 2074 cum
655 2011 766 2074 lux
811 2033 1027 2076 earum
1071 2035 1218 2077 cum
1259 2013 1400 2078 luce
1449 2014 1703 2079 Saturni
1744 2035 1875 2078 non
1906 2012 2051 2078 raro
2078 2011 2349 2076 conferri
2389 2013 2609 2097 possit,
2654 2033 2916 2098 eamque
2944 2012 3061 2074 ali-

469 2119 726 2205 quando
771 2131 1042 2204 superet,
1091 2122 1490 2187 manifestum
1540 2134 1652 2198 est,
1697 2124 1865 2210 quod
1914 2135 2175 2188 cometae
2214 2143 2431 2188 omnes
2480 2123 2548 2186 in
2598 2122 2915 2208 periheliis
2955 2121 3063 2185 vel

468 2227 630 2292 infra
661 2231 1004 2294 Saturnum
1033 2230 1383 2300 collocandi
1427 2233 1569 2310 sint,
1613 2232 1714 2296 vel
1754 2253 1883 2296 non
1924 2231 2115 2318 longe
2144 2230 2351 2316 supra.
2444 2231 2679 2296 Errant
2705 2232 2897 2319 igitur
2924 2242 3063 2294 toto

450 2335 652 2413 roceio,
685 2337 795 2421 qui
824 2349 1096 2402 cometas
1123 2338 1192 2400 in
1220 2339 1542 2426 regionem
1569 2339 1841 2402 fixarum
1867 2359 2067 2423 prope
2096 2337 2423 2424 ablegant:
2468 2336 2591 2423 qua
2622 2350 2789 2426 certe
2818 2338 3063 2402 ratione

468 2465 599 2508 non
636 2444 838 2530 magis
879 2445 1176 2511 illustrari
1203 2446 1572 2512 ‹leben-enta
1603 2447 1751 2513 Sole
1776 2459 2013 2527 nostro,
2056 2444 2249 2534 quam
2275 2446 2565 2530 planetae,
2607 2447 2719 2533 qui
2755 2447 2861 2510 hic
2888 2459 3059 2524 sunt,

471 2555 864 2621 illustrantur
893 2579 930 2620 a
958 2557 1150 2622 stellis
1173 2557 1341 2622 fixis.

565 2667 733 2730 Haec
775 2667 1228 2752 disputavimus
1277 2689 1409 2732 non
1456 2666 1913 2732 considerando
1958 2666 2457 2730 obscurationem
2508 2674 2897 2728 cometarum
2946 2685 3065 2748 per

473 2770 719 2835 fiimum
759 2773 936 2836 illum
966 2774 1240 2837 maxime
1273 2775 1596 2859 copiosum
1623 2786 1688 2839 et
1716 2795 2014 2851 crassum,
2046 2796 2174 2860 quo
2204 2785 2395 2857 caput
2420 2771 2839 2848 circundatur,
2888 2771 3067 2856 quasi

475 2883 594 2962 per
619 2878 854 2941 nubem
883 2879 1104 2943 obtuse
1132 2901 1379 2965 semper
1406 2881 1639 2945 lucens.
1716 2880 1885 2944 Nam
1907 2891 2141 2967 quanto
2168 2881 2493 2944 obscurius
2522 2879 2804 2943 redditur
2834 2900 3067 2962 corpus

473 3007 590 3070 per
629 2988 800 3052 hunc
841 2987 1102 3067 fumum,
1147 2989 1326 3055 tanto
1365 2991 1626 3076 propius
1668 2990 1751 3054 ad
1798 2991 2009 3056 Solem
2052 2989 2305 3054 accedat
2342 3011 2595 3054 necesse
2624 2999 2737 3065 est,
2782 2999 2854 3050 ut
2884 2986 3069 3070 copia

474 3093 632 3158 lucis
674 3117 712 3158 a
754 3118 822 3159 se
864 3097 1116 3160 reflexae
1156 3099 1438 3183 planetas
1481 3097 1834 3162 annuletur.
1922 3096 2083 3160 Inde
2112 3094 2443 3162 verisimile
2471 3095 2547 3158 fit
2574 3105 2853 3172 cometas⁸
2876 3093 3067 3180 longe

410 3202 419 3210 ’
473 3205 634 3270 infra
677 3207 990 3290 sphaeram
1039 3211 1294 3272 Saturni
1321 3209 1718 3282 descendere,
1760 3207 1853 3268 uti
1896 3229 1977 3268 ex
2018 3207 2324 3288 parallaxi
2369 3205 2788 3288 probavimus
2886 3204 3070 3266 Idem

477 3317 626 3381 vero
679 3339 866 3403 quam
911 3318 1183 3381 maxime
1232 3317 1638 3384 confirmatur
1685 3337 1771 3379 ex
1822 3313 2055 3379 caudis.
2146 3311 2223 3398 (f)
2274 3314 2405 3377 Hae
2450 3314 2550 3376 vel
2601 3335 2681 3376 ex
2726 3313 3069 3376 reflexione

477 3425 632 3488 fumi
677 3427 875 3509 sparsi
916 3447 1033 3509 per
1073 3424 1329 3503 aethera,
1370 3425 1471 3489 vel
1499 3447 1582 3488 ex
1615 3424 1759 3488 luce
1787 3423 2006 3507 capitis
2036 3421 2340 3486 oriuntur.
2430 3422 2653 3487 Priore
2684 3444 2832 3486 casu
2860 3423 3069 3486 minu-

479 3534 642 3598 enda
671 3547 764 3597 est
793 3532 1086 3598 distantia
1114 3547 1523 3612 cometarum,
1565 3556 1648 3598 ne
1687 3533 1897 3598 fumus
1930 3557 1967 3596 a
1997 3533 2197 3617 capite
2226 3555 2470 3617 semper
2500 3546 2673 3596 ortus
2720 3555 2836 3617 per
2867 3533 3069 3616 spatia

476 3628 660 3707 nimis
709 3644 916 3728 ampla
961 3644 1310 3710 incredibili
1361 3669 1504 3711 cum
1555 3647 1883 3740 velocitate
1934 3659 1997 3710 et
2054 3646 2436 3731 expansione
2484 3657 2893 3730 propagetur.
2982 3643 3065 3706 In
3136 3663 3141 3666 ·

475 3751 823 3834 posteriore
853 3750 1182 3815 referenda
1211 3764 1304 3816 est
1332 3754 1442 3818 lux
1472 3735 1672 3818 omnis
1703 3765 1832 3818 tam
1864 3752 2081 3816 caudae
2118 3751 2305 3838 quam
2333 3751 2614 3836 capillitii
2658 3749 2741 3812 ad
2768 3732 3068 3814 nucleum

478 3857 715 3941 capitiS.
807 3857 1010 3944 Igitur
1051 3859 1104 3922 si
1146 3859 1567 3944 concipiamus
1611 3859 1818 3925 lucem
1858 3859 2025 3924 hanc
2062 3882 2313 3924 omnem
2365 3857 2735 3944 congregari
2786 3867 2847 3920 et
2898 3857 3065 3920 intra

477 3965 720 4030 discum
763 3966 970 4029 nuclei
1016 3969 1336 4047 coarctari,
1390 3970 1648 4034 nucleus
1700 3969 1805 4034 ille
1843 3972 1978 4056 jam
2022 3981 2209 4046 certe,
2258 3969 2499 4055 quoties
2510 4019 2527 4036 .,
2544 3965 2811 4031 caudam
2858 3967 3061 4030 maxi-

475 4095 644 4136 mam
685 4085 751 4136 et
792 4073 1304 4161 fulgentissimam
1345 4079 1588 4158 emittit,
1623 4080 1704 4164 (Β)
1743 4080 1977 4146 vJovem
2018 4081 2222 4164 ipsum
2262 4077 2597 4163 splendore
2636 4098 2753 4142 suo
2792 4075 3063 4140 multum

539 4238 611 4302 (f)
649 4240 675 4270 θ
715 4241 812 4288 Ha
850 4243 919 4289 vel
953 4256 1006 4290 ezr
1041 4241 1282 4308 reflexione
1300 4243 1445 4309 fumi
1479 4247 1642 4306 spat-d,
1677 4253 1737 4294 ut
1802 4241 2128 4302 Flamst'edius,
2164 4243 2357 4293 cedebat
2386 4243 2422 4293 J
2422 4243 2513 4302 ovi,
2548 4243 2760 4306 ade6que
2786 4241 2885 4290 Soli
2916 4235 3062 4306 longe

473 4303 636 4363 postea
655 4304 939 4364 probabitur.
1799 4309 2005 4366 vicinior,
2030 4310 2145 4372 quin
2167 4309 2263 4354 imo
2286 4309 2437 4354 minor
2470 4318 2568 4356 erat
2602 4307 2855 4355 Mercurio.
2930 4307 3062 4354 Nam

543 4365 611 4430 (Ε)
637 4371 664 4398 *
691 4369 851 4418 Jovem
881 4371 1034 4430 ipsum
1065 4371 1302 4430 splendore
1331 4389 1432 4420 suo.
1504 4371 1566 4418 Id
1598 4369 1737 4420 variis
1800 4371 1877 4420 die
1910 4379 1981 4420 17.
2020 4373 2193 4419 mensis
2224 4373 2380 4435 hujus,
2415 4374 2497 4419 ubi
2539 4373 2697 4420 Terrae
2730 4371 2917 4432 propior
2946 4380 3056 4426 erat,

475 4430 868 4486 observationibus
902 4432 1146 4480 confirmat
1181 4433 1441 4482 Newtonus
1481 4435 1532 4481 in
1575 4437 1735 4496 Opus-
1800 4437 2014 4496 apparuit
2042 4437 2234 4484 Cassino
2256 4452 2337 4496 per
2359 4437 2659 4496 telescopium
2681 4436 2789 4496 ped·
2808 4441 2887 4483 35.
2916 4431 3059 4496 paul&

475 4493 586 4540 culo
607 4493 665 4540 de
689 4495 864 4553 Mundi
892 4497 1162 4556 Systemate.
1237 4499 1434 4546 Cometa
1454 4501 1565 4546 anni
1593 4505 1729 4549 1679.
1798 4501 1951 4546 minor
1988 4501 2128 4563 globo
2170 4500 2370 4547 Saturni.
2481 4500 2577 4547 Die
2616 4505 2658 4546 8.
2688 4499 2861 4546 mensis
2899 4501 3053 4562 hujus,

479 4556 754 4604 Decembris
795 4565 868 4609 12.
905 4568 955 4607 et
989 4566 1062 4608 15.
1087 4562 1194 4608 stilo
1222 4561 1376 4616 veteri,
1407 4578 1503 4624 quo
1531 4574 1739 4624 tempore
1772 4573 2009 4625 „tempore
2040 4565 2286 4621 matutino,
2318 4563 2432 4610 vidit
2465 4563 2686 4610 Halieius
2718 4563 2918 4609 caudam
2954 4577 3058 4623 per-

477 4621 678 4666 caudam
698 4622 997 4670 clarissimam
1019 4624 1260 4673 emittebat
1280 4636 1328 4672 et
1350 4626 1445 4674 luci
1476 4627 1739 4674 multorum
1803 4629 1987 4674 brevem
2002 4627 2219 4692 etjlatam,
2239 4638 2285 4674 et
2298 4628 2428 4689 quasi
2444 4643 2500 4674 ex
2518 4643 2707 4688 corpore
2729 4625 2849 4674 Solis
2862 4629 3059 4689 jamjam

475 4681 513 4734 J
513 4683 672 4730 ovium
705 4700 786 4744 per
817 4695 999 4733 tantum
1031 4689 1232 4748 spatium
1253 4690 1438 4736 diffusae
1459 4706 1513 4738 ac
1533 4691 1738 4738 dilatatae
1802 4691 1965 4738 orituri
1996 4702 2260 4749 exeuntem,
2294 4692 2353 4738 ad
2386 4693 2529 4738 instar
2550 4691 2689 4739 nubis
2720 4689 2908 4738 insolito
2929 4703 3059 4736 more

475 4761 573 4794 non
595 4747 833 4808 imparem,
851 4749 1173 4812 magnitudine
1194 4752 1366 4812 nuclei,
1401 4764 1456 4801 ut
1467 4755 1738 4822 observabat
1801 4753 2040 4818 fulgentis,
2073 4770 2161 4803 nec
2192 4755 2325 4816 prius
2344 4754 2655 4818 disparentem
2676 4755 2819 4820 quim
2846 4754 2929 4802 sol
2960 4753 3057 4816 ipse
