3384 5509
322 435 547 501 Lx‘nnn
580 432 943 514 Tnn‘rms]
999 430 1483 499 PRINCIPIA
1533 429 2278 499 MATHEMATICA.
2727 444 2730 447 ’
2790 448 2912 506 183

313 608 665 672 illustrante
709 606 895 694 quem
942 607 1022 671 ab
1050 605 1247 671 oculis
1277 606 1505 671 nostris
1521 606 1910 671 „distantiam
1952 605 2155 671 videri
2198 606 2400 672 desiit.
2495 606 2686 674 Unde
2711 612 2913 682 ‚etiarn

317 716 538 784 caudae
582 728 967 781 cometarum
1008 716 1293 793 aliorum,
1346 738 1489 801 quae
1516 716 1740 780 breves
1771 700 1938 793 sunt,
1985 738 2116 782 non
2147 717 2494 785 ascendunt
2520 732 2699 785 motu
2728 722 2917 787 celeri

317 838 383 891 et
427 827 735 913 perpetuo
780 852 819 891 a
862 826 1169 912 capitibus
1212 838 1276 890 e‘t
1317 848 1470 891 mox
1502 838 1904 905 evanescunt,
1941 827 2054 891 sed
2083 840 2229 892 sunt
2258 842 2694 913 permanentes
2722 854 2915 915 vapo-

316 956 463 999 rum
504 948 568 999 et
608 934 1077 999 exhalationum
1122 934 1452 1011 columnae,
1499 957 1539 997 a
1582 932 1888 1018 capitibus
1927 934 2272 999 lentissimo
2301 935 2642 1001 multorum
2671 936 2918 1001 dierum

317 1054 497 1105 motu
524 1051 910 1129 propagatae,
958 1060 1119 1125 quse,
1165 1039 1601 1123 participando
1630 1051 1874 1103 motum
1903 1038 2080 1104 illum
2115 1042 2389 1125 capitum
2419 1064 2608 1127 quem
2637 1041 2916 1109 habuere

320 1152 439 1214 sub
466 1152 665 1228 initiO,
696 1138 813 1235 per
842 1148 1035 1214 coelos
1062 1147 1190 1213 unzi
1218 1170 1362 1212 cum
1392 1148 1702 1233 capitibus
1723 1148 1962 1213 moveri
1989 1162 2284 1237 pergunt.
2376 1152 2450 1237 (θ)
2485 1152 2572 1216 Et
2596 1150 2746 1215 hinc
2774 1172 2915 1214 rur-

320 1280 426 1324 sus
472 1260 787 1347 colligitur
830 1260 1030 1344 spatia
1074 1258 1351 1323 coelestia
1386 1260 1452 1322 vi
1493 1258 1822 1323 resistendi
1853 1260 2144 1336 destitui3
2187 1272 2406 1344 utpote
2435 1262 2503 1324 in
2532 1262 2756 1348 quibus
2783 1284 2914 1325 non

319 1368 523 1431 solum
568 1366 767 1431 solida
809 1366 1203 1451 planetarum
1234 1378 1296 1429 et
1326 1376 1711 1441 cometarum
1751 1386 2038 1449 corpora,
2086 1366 2196 1429 sed
2225 1368 2412 1429 etiam
2441 1368 2738 1431 rarissimi
2768 1391 2913 1433 cau-

318 1474 543 1539 darum
583 1488 847 1557 vapores
888 1483 1099 1538 motus
1126 1472 1726 1539 suos-velocissimos
1761 1470 2083 1537 liberrime
2125 1485 2438 1561 peragunt
2463 1494 2539 1539 ac
2567 1474 2913 1543 diutissime

319 1592 711 1645 conservant.
766 1629 768 1631 -
1325 1570 1334 1578 “

410 1692 761 1755 Ascensum
788 1684 1131 1753 caudarum
1162 1709 1243 1751 ex
1271 1685 1708 1772 atmosphaeris
1737 1688 2014 1773 capitum
2043 1700 2106 1752 et
2147 1710 2550 1777 progressum
2594 1692 2664 1755 in
2702 1702 2913 1776 partes

321 1820 362 1861 a
394 1798 539 1863 Sole
568 1820 815 1888 aversas
849 1796 1164 1882 Keplerus
1206 1797 1459 1862 ascribit
1502 1797 1735 1861 actioni
1777 1798 2100 1861 radiorum
2139 1799 2300 1863 lucis
2327 1800 2656 1864 materiam
2695 1802 2914 1865 caudae

292 1912 297 1917 ’
322 1928 539 1971 secum
588 1906 988 1991 rapientium.
1076 1906 1165 1971 Et
1212 1928 1431 1969 auram
1480 1906 1677 1995 longe
1727 1908 2159 1973 tenuissimam
2209 1909 2278 1971 in
2325 1912 2538 1995 spatiis
2583 1892 2917 1976 liberrimis

315 2016 556 2097 'actioni
597 2014 921 2081 radierum
964 2014 1206 2093 cedere,
1255 2013 1333 2101 (f)
1364 2036 1495 2079 non
1538 2027 1634 2081 est
1676 2038 1726 2079 a·
1756 2015 2000 2079 ratione
2027 2036 2288 2099 prorsus
2318 2018 2611 2097 alienum,
2643 2040 2772 2083 non
2801 2010 2918 2083 ob-'

324 2136 529 2187 stante
552 2124 723 2218 quod
753 2114 1115 2187 substantiae
1144 2143 1369 2186 crassae
1397 2121 1931 2206 impeditissimis
1912 2142 1981 2185 m
2010 2123 2371 2209 regionibus
2399 2125 2630 2189 nostris
2659 2148 2698 2188 a
2724 2125 2919 2189 radiis

328 2234 495 2300 Solis
540 2233 913 2299 sensibiliter
960 2230 1231 2318 propelli
1278 2242 1617 2318 nequeant.
1705 2230 1888 2301 Alius
1942 2233 2280 2341 particulas
2331 2244 2462 2296 tam
2509 2233 2678 2296 leves
2727 2254 2918 2318 quam

322 2364 547 2430 graves
590 2342 729 2407 dari
766 2362 953 2428 posse
984 2340 1315 2419 existimat,
1362 2352 1427 2405 et
1451 2340 1777 2403 materiam
1805 2314 2151 2405 caudarum
2178 2342 2454 2419 levitam,
2499 2362 2737 2427 perque
2765 2341 2918 2405 levi-

324 2466 519 2517 tatem
548 2475 725 2517 suam
754 2476 793 2516 a
826 2451 973 2517 Sole
1002 2452 1357 2516 ascendere.
1435 2449 1601 2516 Cum
1623 2462 1832 2515 autem
1861 2453 2134 2540 gravitas
2165 2475 2502 2537 corporum
2530 2454 2919 2519 terrestrium

322 2562 407 2629 sit
436 2572 509 2627 ut
535 2560 798 2625 materia
826 2560 891 2622 in
924 2558 1311 2644 corporibUS‚
1342 2557 1609 2645 ideoque
1637 2558 1880 2623 servata
1909 2560 2254 2645 quantitate
2279 2561 2558 2635 materiae
2586 2562 2826 2625 intendi
2855 2573 2920 2625 et

323 2660 558 2741 remitti
600 2684 891 2761 nequeat,
926 2672 1209 2757 suspicor
1246 2690 1575 2735 ascensum
1614 2670 1795 2734 illum
1823 2690 1905 2734 ex
1932 2670 2340 2755 rarefactione
2378 2674 2656 2737 materiae
2687 2673 2919 2737 cauda-

324 2781 469 2853 rum
508 2781 720 2868 potius
765 2782 935 2846 oriri.
1026 2778 1337 2845 Ascendit
1372 2778 1581 2843 finnus
1623 2777 1692 2839 in
1735 2779 1983 2841 canuno
2011 2778 2288 2863 impulsu
2316 2780 2478 2843 aeris
2509 2780 2611 2845 cui
2651 2780 2916 2845 innatat.

330 2895 463 2957 Aer
505 2894 612 2957 ille
657 2884 773 2977 per
816 2892 1090 2957 calorem
1117 2888 1453 2953 rarefactus
1485 2886 1785 2964 ascendit,
1831 2888 1914 2951 ob
1945 2887 2314 2952 diminutam
2343 2912 2520 2953 suam
2548 2890 2920 2975 gravitatem

328 3000 709 3084 specificam,
742 3010 807 3063 et
834 2998 1079 3061 fumum
1106 2994 1495 3079 implicatum
1524 2994 1696 3078 rapit
1721 3016 1952 3058 secum.
2043 2996 2288 3071 Quidni
2317 2997 2518 3061 cauda
2547 3008 2806 3061 cometae
2836 2997 2920 3061 ad

326 3106 601 3170 eundem
628 3104 893 3169 modum
922 3102 1273 3169 ascenderit
1301 3124 1341 3168 a
1374 3099 1571 3165 Sole?
1619 3100 1788 3165 Nam
1816 3101 1978 3167 radii
2007 3102 2238 3167 solares
2266 3126 2398 3167 non
2425 3104 2662 3191 agitant
2689 3082 2923 3182 media,

328 3235 473 3301 quae
500 3224 848 3298 permeant,
881 3210 1003 3275 nisi
1030 3210 1099 3275 in
1126 3208 1469 3275 reflexione
1495 3218 1559 3275 et
1585 3206 1976 3276 refractione.
2070 3209 2402 3275 Particulae
2431 3210 2816 3275 reflectentes
2845 3211 2921 3275 ea

333 3325 580 3387 actione
610 3324 925 3414 calefactae
954 3326 1315 3393 calefacient
1342 3350 1559 3391 auram
1580 3326 1916 3390 aetheream
1945 3324 2046 3388 cui
2073 3322 2492 3408 implicantur.
2565 3320 2684 3385 Illa
2709 3321 2924 3387 calore

332 3437 455 3503 sibi
499 3439 961 3501 communicato
1003 3440 1271 3519 rarefiet,
1318 3452 1384 3504 et
1424 3440 1507 3504 ob
1550 3438 1923 3503 diminutam
1965 3434 2038 3499 ea
2067 3432 2318 3497 raritate
2346 3433 2715 3519 gravitatem
2743 3452 2922 3495 suam

334 3546 714 3630 specificam,
765 3546 885 3633 quii
928 3548 1109 3633 prius
1136 3532 1527 3619 tendebatin
1562 3548 1794 3625 Solem,
1835 3545 2130 3610 ascendet
2155 3556 2218 3607 et
2246 3558 2458 3607 secum
2486 3543 2687 3627 rapiet
2727 3542 2924 3627 parti·-

332 3661 505 3725 culas
556 3662 942 3729 reflectentes
994 3685 1076 3727 ex
1122 3664 1350 3749 quibus
1392 3662 1593 3727 cauda
1636 3659 2068 3745 componi-tur:
2125 3656 2204 3720 ad
2249 3676 2576 3719 ascensum
2615 3672 2922 3737 vaporum

206 3819 231 3845 0
334 3768 631 3854 conducit
670 3770 878 3847 etiam,
925 3770 1097 3855 quod
1138 3770 1209 3833 hi
1248 3783 1551 3859 gyrantur
1594 3772 1762 3833 circa
1807 3768 2018 3833 Solem
2063 3778 2128 3831 et
2166 3764 2236 3828 efi
2278 3765 2522 3829 actione
2551 3772 2856 3827 conantur
2885 3783 2924 3823 a

336 3876 495 3939 Sole
516 3875 833 3953 recedere,
864 3888 929 3939 at
960 3876 1123 3941 Solis
1152 3876 1571 3962 atmosphaera
1598 3888 1661 3939 et
1690 3876 1948 3939 materia
1977 3874 2282 3938 coelorum
2300 3872 2400 3935 vel
2429 3869 2616 3955 plane
2639 3866 2919 3955 quiescit,

335 3982 439 4047 vel
464 3995 643 4053 motu
672 3982 807 4047 solo
837 4006 1024 4069 quem
1054 4006 1097 4047 a
1124 3984 1287 4057 Solis
1318 3984 1625 4049 rotatione
1655 3980 1981 4066 acceperit,
2015 3978 2254 4045 tardius
2281 3991 2558 4067 gyratur.
2623 3978 2756 4041 Hae
2777 3989 2925 4041 sunt

277 4139 285 4145 .
336 4110 567 4153 causae.
588 4088 883 4153 ascensus
928 4091 1271 4155 caudarum
1312 4092 1381 4155 in
1426 4090 1649 4154 vicinia
1697 4088 1882 4169 Solis,
1927 4090 2038 4154 ubi
2081 4089 2265 4153 orbes
2306 4087 2621 4150 curviores
2651 4096 2814 4161 sunt,
2862 4096 2928 4147 et

340 4198 797 4261 cometaeintra
822 4198 1181 4264 densiorem
1210 4211 1275 4261 et
1302 4198 1373 4261 ea
1418 4199 1659 4263 ratione
1687 4198 2040 4287 graviorem
2073 4195 2236 4261 Solis
2265 4192 2746 4278 atmosphaeram
2775 4213 2925 4255 con·
3024 4194 3029 4201 '

340 4305 589 4381 sistunt,
636 4316 701 4371 et
742 4302 975 4369 caudas
1018 4303 1207 4389 quam
1246 4304 1641 4393 longissimas
1683 4327 1836 4369 mox
1877 4304 2184 4369 emittunt.
2284 4302 2456 4367 Nam
2500 4300 2736 4378 caudae,
2785 4322 2928 4385 quae

340 4428 493 4479 tunc
522 4426 883 4491 nascuntur,
930 4416 1359 4479 conservando
1390 4428 1631 4480 motum
1661 4436 1846 4477 suum
1870 4398 1938 4479 ’et
1967 4414 2204 4477 interea
2231 4434 2449 4478 versus
2483 4410 2702 4477 Solem.
2722 4409 2930 4498 gravi-2

342 4521 556 4599 tando,
606 4522 1025 4585 movebuntur
1066 4523 1233 4586 circa
1278 4521 1493 4589 Solem
1535 4522 1601 4583 in
1646 4521 1970 4605 ellipsibus
2011 4542 2132 4605 pro
2161 4542 2336 4585 more
2371 4519 2667 4604 capitum,
2711 4532 2775 4583 et
2814 4540 2932 4603 per

412 4694 457 4759 (e
463 4694 536 4756 )*
564 4696 631 4743 Et
652 4696 761 4742 hinc
780 4692 948 4741 rursus
970 4696 1074 4741 colli
1058 4696 1213 4755 agitur.
1308 4694 1553 4755 Leguntur
1574 4709 1678 4755 quae
1701 4692 1826 4743 dicta
1845 4692 2029 4743 suntin
2050 4691 2226 4742 scholio
2257 4692 2398 4757 Prop.
2427 4690 2521 4743 XI.
2551 4692 2657 4741 Lib.
2690 4692 2715 4739 Ι
2722 4692 2763 4740 Ι

409 4759 537 4825 (¹)*
563 4760 680 4809 Non
700 4770 763 4809 est
784 4777 814 4807 a
834 4776 888 4807 ra
876 4763 1013 4807 alone
1025 4774 1221 4822 prorsus
1240 4760 1446 4808 alienum
1470 4759 1623 4823 (165).
